3048 5152
294 590 366 664 144

688 777 770 878 pag.
789 787 841 857 66.
869 803 902 854 v.
914 782 968 857 24

395 895 444 994 11,
460 901 518 972 44.
542 921 572 968 a.
607 898 757 974 diverso
776 897 1024 996 quamquam]
1048 895 1192 974 Malim:
1218 899 1370 972 ditaerao

292 1021 424 1115 oaique
451 1031 619 1115 tempore
646 1021 751 1116 ipsis.
1358 1063 1361 1070 ·

696 1197 781 1298 Pag.
798 1209 851 1278 67.
878 1209 961 1276 ιθ.

385 1321 436 1415 II,
453 1325 511 1394 44.
532 1323 563 1392 4.
594 1322 654 1393 iae
674 1321 724 1392 ab
743 1322 813 1393 laia.
853 1316 956 1394 Nihil
980 1316 1213 1392 mutandum:
1235 1323 1295 1392 iae
1316 1343 1373 1395 est

287 1443 343 1516 ius
371 1438 542 1534 civitatis,
572 1460 615 1513 ut
646 1439 716 1514 l.1.
741 1445 847 1514 c.14.
873 1465 903 1514 1.
954 1437 1017 1512 Ae
1046 1441 1108 1512 laia
1132 1466 1180 1514 sc.
1209 1433 1364 1529 colonis,

288 1561 424 1639 civibus
452 1558 624 1634 Romanis
654 1557 846 1660 Campanis
878 1559 933 1634 ius
963 1561 1032 1635 civ.
1063 1560 1261 1634 restitutum
1291 1588 1369 1636 ease

289 1679 429 1758 dicitur.

686 1819 770 1919 Pag.
786 1830 840 1898 to.
868 1849 900 1895 v.
915 1833 968 1900 ta

390 1937 438 2026 ll,
460 1943 518 2034 47.
531 1944 563 2012 4.
591 1940 784 2012 inutiliter.
837 1937 936 2014 Fort.
964 1940 1033 2039 leg.
1061 1941 1205 2026 inutili,
1235 1965 1373 2014 aeram

285 2087 312 2134 a.
335 2063 412 2134 aed

680 2197 764 2298 Peg.
780 2207 833 2276 70.
860 2226 892 2274 v.
911 2210 964 2279 26.

286 2343 291 2350 ·
381 2315 507 2410 11348.
530 2347 560 2396 1.
611 2320 744 2396 Iniuste
768 2318 805 2394 h.
830 2320 854 2394 l.
879 2320 916 2394 in
942 2321 1161 2396 Rhenanum
1184 2321 1370 2396 invehitur

164 2480 166 2483 ·
285 2435 452 2512 Orellius.
506 2439 651 2515 Etenim
676 2462 737 2515 aut
761 2440 911 2514 omnino
934 2469 1007 2516 non
1036 2442 1261 2517 offendamus
1279 2441 1366 2544 licet

283 2556 321 2630 in
344 2585 403 2634 vv.
430 2562 709 2633 adsentabatar'
736 2578 771 2634 et
802 2561 1104 2656 adversabatur,
1133 2563 1238 2662 'quasi
1270 2551 1365 2634 α’ντι·

282 2665 430 2768 θέσεως
456 2679 706 2779 locopositis,
743 2700 803 2752 aut
826 2681 960 2755 Velleii
989 2709 1063 2756 non
1089 2683 1260 2757 Rhenani
1288 2685 1365 2757 cul-

285 2799 586 2900 paeimputanda
607 2819 659 2875 est
684 2827 791 2902 quam
816 2799 977 2875 Orellius
1002 2801 1159 2916 denotat
1177 2804 1367 2879 cantilena.

679 2992 766 3091 Peg.
784 3002 837 3072 71.
865 3019 900 3065 v.
917 3003 970 3072 19.

381 3108 430 3201 IL
450 3111 507 3186 48.
529 3115 561 3184 5.
601 3126 639 3184 et
667 3115 920 3185 coalescentia.
978 3111 1035 3186 Ne
1066 3111 1154 3213 quid
1184 3112 1367 3216 depereat,

280 3229 384 3303 scrib.
409 3255 594 3330 propono:
626 3234 691 3306 ille
716 3234 810 3305 coal.

687 3413 840 3513 Pagae.
872 3426 949 3493 aa·
1033 3416 1035 3420 ’

375 3529 424 3626 Il,
442 3537 501 3630 49.
526 3535 558 3608 5.
580 3535 728 3630 legione
750 3560 797 3606 ne
820 3533 1000 3632 retinere]
1056 3533 1178 3622 Quum
1203 3534 1363 3612 Orellius

275 3653 352 3754 ipse
369 3653 371 3658 ’
388 3652 582 3747 concedat,
616 3654 789 3756 syllabam
824 3681 872 3725 ae
904 3679 1039 3727 meram
1075 3655 1356 3752 geminationem

276 3798 349 3846 esse
371 3771 530 3870 adeoque
553 3773 836 3848 Amerhachium
867 3773 903 3849 h.
917 3775 942 3846 Ι.
971 3771 1197 3848 dormitasse:
1234 3774 1361 3849 eadem

275 3892 336 3965 illa
371 3891 507 3967 incuria
539 3921 571 3968 v.
606 3896 757 3966 titulum
790 3892 827 3967 h.
854 3892 876 3964 L
903 3891 1124 3968 intercidisse
1154 3895 1360 3970 absurdove

274 4011 339 4086 illo
362 4039 410 4086 ne
428 4013 512 4088 loco
537 4035 677 4087 motum
699 4039 772 4087 esse
793 4012 961 4113 putarim.
1014 4013 1071 4087 De
1095 4015 1361 4112 Germaniam,

276 4159 383 4232 quern
413 4133 572 4209 redoleat
597 4163 630 4212 v.
660 4138 831 4228 titulum,
862 4133 950 4207 mihi
973 4160 1049 4208 non
1078 4136 1248 4213 convenit
1275 4163 1359 4211 cum

277 4254 432 4344 Orellio,
457 4254 594 4356 quippe
616 4253 719 4358 quod
743 4255 787 4329 ab
811 4254 890 4356 ipso
914 4254 1058 4331 Velleio
1084 4283 1114 4333 c.
1129 4259 1186 4332 65.
1214 4285 1244 4333 1.
1273 4283 1360 4331 con·

275 4378 451 4452 firmetur.
1165 4417 1168 4422 ·
