3044 5150
588 909 832 1007 omi!
865 907 1013 1005 m

639 1077 747 1147 velln,
758 1075 803 1131 32.
812 1097 839 1150 p.
847 1075 899 1130 180
906 1077 946 1131 etl.
955 1077 990 1131 R.

312 1219 560 1300 ,discendentem
570 1215 610 1280 ¹et
630 1219 840 1281 mortarium
855 1218 1024 1302 volttnlatt‘e
1040 1221 1149 1278 ettae-‘⁴
1190 1219 1240 1275 et.
1260 1238 1300 1290 pr.

757 1363 866 1383 ξπ

271 1490 401 1598 Docet
423 1523 553 1596 Eberto
577 1539 719 1593 auctore
744 1517 897 1592 Pertzius
926 1523 1005 1614 l³),
1036 1519 1081 1590 ab
1104 1537 1230 1590 octavo
1258 1516 1343 1589 iude

273 1647 414 1720 saeculo
437 1640 578 1716 easdem
605 1639 724 1713 literas
744 1641 911 1712 binarum
932 1663 1081 1731 vocum,
1120 1663 1270 1736 quarum
1296 1637 1345 1709 al·

271 1786 345 1840 tere
365 1765 510 1838 alteram
529 1761 724 1858 exciperet,
746 1760 783 1832 in
809 1762 883 1833 fine
906 1777 940 1832 et
962 1759 1064 1832 initio
1086 1775 1345 1856 comparentes,

268 1886 382 1960 semel
405 1901 543 1958 tautum
564 1883 701 1956 calamo
727 1881 861 1953 exarari
882 1881 1000 1952 solitas
1025 1905 1118 1973 esse,
1147 1896 1187 1951 ut
1212 1883 1345 1976 capiti·

211 2066 214 2070 .
273 2010 333 2078 sui
351 2031 422 2105 pro
447 2006 584 2100 capitis
605 2007 673 2076 eui.

376 2157 479 2231 Idem
511 2155 549 2227 in
585 2181 626 2227 eo
661 2181 821 2252 quoque,
865 2179 971 2250 quem
1001 2153 1167 2227 librarius
1199 2153 1345 2227 Murba·

274 2279 387 2357 censis
411 2276 615 2376 descripsit,
649 2273 771 2349 codioe
805 2299 914 2348 mauu
940 2273 1087 2376 scripto
1100 2255 1233 2348 factum
1262 2301 1347 2368 esse,

273 2400 395 2490 docet,
432 2393 530 2493 quod
566 2392 664 2494 apud
700 2393 795 2468 Vell.
831 2395 855 2465 l.
873 2393 918 2465 II.
944 2423 973 2468 e.
992 2420 1047 2469 aa.
1077 2421 1114 2494 p.
1138 2399 1203 2468 158
1226 2392 1282 2468 ed.
1301 2395 1344 2470 ll.

272 2519 416 2617 legitur:
455 2516 696 2586 Immediocri
728 2516 915 2586 saevitum
951 2513 974 2588 i.
1003 2540 1032 2586 e.
1072 2519 1113 2586 in
1147 2517 1348 2588 mediocris

274 2641 471 2716 saevitum.
554 2629 628 2708 Sed
666 2633 790 2706 eadem
821 2657 895 2726 res,
936 2658 1024 2732 quae
1067 2634 1103 2706 in
1143 2661 1175 2707 v.
1214 2638 1349 2708 Imme-

276 2757 584 2834 diocrisaevitum
617 2754 760 2828 librario
794 2752 982 2854 imposuit,
1019 2755 1154 2855 quippe
1191 2757 1252 2854 qui
1279 2783 1350 2854 pro

275 2877 431 2968 duabus,
472 2901 559 2973 quae
589 2902 662 2952 esse
697 2875 893 2967 debebant,
928 2875 1040 2950 literis
1077 2903 1185 2950 unam
1212 2895 1350 2952 tantum

271 3002 412 3080 calamo
457 2996 690 3095 expresserit,
734 2994 890 3072 eundem
932 3013 973 3068 ut
1014 2998 1187 3070 contrario
1230 3021 1349 3071 errore

274 3121 481 3198 voluntatis
513 3145 606 3192 suae
630 3115 800 3190 scriberet
827 3115 992 3212 adduxit,
1021 3143 1132 3216 quum
1155 3118 1350 3218 elegantius

273 3243 468 3339 legeretur:
513 3238 701 3308 voluntati
744 3261 836 3306 suae
873 3238 952 3330 ¹4).
1031 3237 1198 3336 Apparet
1235 3240 1349 3332 enim,

275 3359 453 3449 Quintum
478 3355 661 3448 Catulum,
688 3355 806 3430 virum
840 3355 971 3452 alioqui
999 3357 1103 3431 valde
1124 3359 1350 3460 popularem,

273 3479 311 3556 h.
339 3480 364 3551 l.
400 3476 511 3549 semel
549 3494 688 3547 tantum
724 3473 823 3570 plebi
856 3473 1076 3550 adversatum
1112 3477 1200 3573 dici3
1243 3505 1350 3578 quare

318 3709 371 3797 1⁸)
395 3717 463 3770 Dico
480 3716 615 3769 Ehertum
638 3714 660 3770 1.
675 3713 700 3766 -l.
718 3713 772 3770 vol.
788 3714 814 3770 1.
836 3729 864 3782 p·
876 3711 916 3770 47
930 3711 960 3766 ἄ
973 3712 1022 3772 48.
1048 3719 1077 3769 el
1097 3717 1239 3774 Perillam
1260 3721 1302 3774 ot.
1321 3721 1350 3774 in

397 3821 483 3885 libro,
511 3819 558 3889 qui
579 3819 685 3871 duobus
712 3818 762 3870 tub
784 3816 872 3870 tituli·
893 3819 995 3884 fertur,
1022 3818 1061 3872 eie
1083 3821 1156 3874 enim
1178 3823 1350 3882 intermittas

399 3920 527 3991 „Archiv
553 3923 602 3975 der
620 3923 804 3976 Freukfurter
824 3922 1014 3975 Geeellschel't
1037 3923 1084 3976 tur
1104 3925 1191 3979 eleeto
1211 3928 1350 3981 Deutsclre

399 4025 689 4088 &emulantur
708 4025 783 4080 eirea
801 4025 1005 4091 „lielit'tnieehe
1019 4027 1102 4082 Reiee
1120 4047 1185 4084 vom
1195 4033 1351 4086 November

329 4153 333 4158 ·
403 4131 477 4188 teet
500 4130 543 4184 bin
563 4131 673 4200 augme
697 4131 785 4188 1823.
814 4129 965 4184 annover
980 4131 1095 4200 1824;“
1116 4135 1349 4206 pseteetoe.

319 4251 372 4330 ι4)
397 4253 470 4326 Quin
502 4255 582 4307 docet
607 4251 750 4318 Per-telus,
779 4267 974 4322 saepenumero
998 4259 1105 4313 obsone
1129 4265 1212 4330 etque
1230 4262 1351 4317 absurde

399 4359 486 4414 verbe
504 4354 592 4411 veluti
609 4347 668 4414 ltoc
693 4347 766 4412 eleos
784 4373 835 4426 pro
856 4339 991 4418 hocsem
1014 4362 1073 4433 legi
1095 4363 1124 4418 in
1138 4361 1258 4435 ntiqui·
1272 4367 1354 4420 codd.
