3048 5152
1163 613 1235 692 ott

572 807 656 905 Pagt
673 818 725 885 st.
749 835 782 883 v.
798 798 828 884 1'.

263 939 385 1034 11‚55.
408 947 438 1013 i.
472 933 511 1010 in
534 942 719 1012 altissimo
738 937 956 1039 luminavt't]
983 940 1004 1015 i.
1022 959 1055 1012 e.
1076 937 1242 1013 virtutem

169 1061 312 1136 Catonis
337 1062 374 1132 in
403 1059 574 1132 altissimo
603 1059 704 1158 quasi
733 1062 816 1132 loco
841 1059 990 1132 stantem
1017 1059 1241 1155 illuminavit,

169 1182 292 1254 lumen
323 1179 355 1252 ei
381 1176 518 1252 offudit.
577 1177 677 1266 Nihil
703 1179 913 1251 mutandum
936 1177 1111 1253 duxerim.

572 1320 655 1419 Pag.
668 1331 721 1398 57.
747 1349 779 1393 v.
796 1331 826 1398 5.

266 1448 322 1540 II,
346 1452 403 1520 55.
424 1452 469 1526 5.
490 1448 606 1547 nota]
665 1447 797 1521 Adhuc
839 1449 904 1520 sub
946 1447 1065 1521 iudice
1103 1446 1146 1519 lis
1182 1466 1244 1536 est,

172 1568 301 1642 Orellii
331 1568 425 1640 enim
456 1569 548 1641 coni.
582 1580 670 1639 voto
704 1567 793 1640 mihi
821 1567 984 1639 antithesi
1008 1572 1105 1663 {quae
1133 1568 1242 1640 verbo

172 1693 313 1760 inierat
332 1686 531 1762 inveniatur
553 1713 693 1760 necesse
720 1708 868 1760 estnon
896 1685 1036 1761 videtur
1062 1685 1241 1760 satisdare.

548 1875 551 1880 ·
587 1830 665 1928 Pag.
681 1840 736 1906 ὅδε
760 1839 842 1906 ud

273 1955 319 2048 II,
336 1960 394 2028 36.
418 1983 447 2029 n.
479 1957 661 2056 saneque]
716 1953 928 2031 Praemissis·
943 1953 1128 2026 Ciceronis
1152 1952 1248 2025 Hor·

174 2075 343 2171 tensiiquo
376 2077 600 2169 nominibus,
632 2075 764 2148 nemini
789 2101 864 2147 non
887 2075 1003 2146 statim
1029 2074 1065 2145 in
1091 2093 1248 2144 mentem

175 2196 413 2282 venientibus,
452 2196 533 2269 satis
564 2217 643 2300 apte
666 2197 844 2269 vocabulo
872 2221 1038 2291 saneque
1070 2195 1114 2265 ab
1144 2193 1246 2266 initio
1323 2187 1326 2192 ⁵

173 2315 289 2416 posito
315 2337 513 2416 sequuntur
549 2316 695 2388 nomina
726 2315 861 2408 Crassi,
891 2315 1056 2406 Catonis,
1086 2313 1246 2412 Sulpicii.

174 2439 350 2532 Saneque
374 2459 491 2508 autem
519 2437 592 2507 fere
618 2436 811 2534 significat:
849 2434 976 2535 Neque
999 2456 1117 2506 tamen
1144 2432 1248 2506 omit-

167 2577 296 2648 ¹tamus.
329 2555 400 2628 Cfr.
427 2555 653 2628 'Velleianum
677 2558 781 2627 Sane
807 2581 881 2628 non
907 2559 1133 2650 ignoremus.
1165 2553 1249 2626 1.ΙΙ·.

176 2703 208 2774 a·
237 2679 270 2749 ⁶·
528 2687 534 2694 '

569 2797 654 2896 Pag.
672 2809 723 2876 59.
746 2825 778 2870 v.
796 2808 849 2875 26.

274 2922 399 3015 11,58.
424 2949 452 2995 1.
485 2925 676 3019 stipendia
691 2938 814 3019 pocta
840 2927 900 2994 sit.
949 2921 1051 2993 Nihil
1067 2920 1250 3012 mutarim,

176 3067 286 3139 quum
331 3067 364 3114 v.
402 3041 533 3139 pacisci
562 3042 673 3113 *etiam
696 3042 885 3139 significet
924 3040 1154 3137 promittere,
1191 3039 1253 3111 sti·
1312 3047 1318 3058 '

176 3162 310 3259 poltri.-

573 3283 657 3380 Pag.
673 3295 724 3362 65.
753 3311 786 3361 v.
805 3296 857 3360 to.

276 3401 330 3487 ΙΙ,
352 3405 410 3473 40.
430 3405 462 3473 5.
503 3401 645 3500 tamen]
716 3403 887 3500 Displicet
922 3402 1067 3500 quidem
1099 3403 1250 3498 volgata,
1358 3405 1362 3414 ’

177 3548 294 3622 neque
312 3542 428 3594 tamen
444 3521 574 3594 arridet
592 3521 723 3594 Orellii
744 3526 916 3612 tandem3
938 3548 1091 3620 semper,
1109 3521 1252 3619 opinor,

178 3641 324 3712 iniuriae
360 3640 427 3713 sibi
462 3639 575 3712 illatae
618 3666 757 3715 memor
794 3642 862 3714 fuir
894 3639 1080 3712 Lucullus.
1137 3638 1254 3712 Scrib.

178 3762 259 3837 fort.
288 3789 313 3834 s.
352 3775 441 3834 onte
476 3791 504 3836 s.
541 3765 640 3836 olim.
708 3761 848 3834 Tamen
885 3739 923 3830 in
959 3756 1066 3836 codd.
1110 3780 1162 3844 est
1202 3771 1256 3852 tn,

179 3904 260 3954 ante
288 3904 361 3974 an3
387 3883 510 3956 literae
540 3911 565 3954 a
588 3883 669 3955 abiit
695 3882 731 3952 in
759 3881 782 3953 1.
809 3900 833 3954 t.

588 4023 741 4122 Pag.·65·
767 4049 799 4094 v.
815 4031 847 4099 9.

275 4147 324 4240 ll,
344 4153 403 4221 42.
422 4176 466 4245 9.
486 4151 587 4222 idem
623 4153 723 4221 enim
755 4171 846 4220 oum‘
863 4147 961 4222 Asia
995 4173 1080 4220 eam
1110 4171 1257 4243 quoque

180 4267 380 4340 obtinebat.
433 4266 621 4361 Ostendit,
645 4270 796 4368 opinor,
818 4265 1058 4340 Ruhnkenius
1086 4265 1133 4340 ad
1155 4269 1255 4338 olto.

178 4386 209 4484 ᾗ.
229 4415 258 4461 1.
273 4413 305 4463 2.
335 4387 430 4464 hanc
464 4388 609 4490 quidem
637 4390 728 4463 coni.
754 4410 844 4464 stare
867 4415 941 4462 non
967 4412 1083 4486 posse.
1114 4437 1117 4444 .
1234 4411 1248 4422 ¹·
