3044 5150
581 919 834 1015 (tuM
873 917 1020 1012 m

611 1085 721 1153 retu,
734 1081 778 1154 aa,
797 1102 824 1156 ρ.
832 1081 892 1138 191.
905 1083 989 1140 aaa,

349 1223 435 1303 „uu
456 1227 579 1305 pertitus
598 1245 718 1306 proavo
745 1223 792 1286 M.
818 1222 937 1287 Ceterae
957 1224 1100 1304 prineipe
1125 1219 1180 1282 tto
1200 1216 1341 1298 familiae

269 1327 401 1392 Paratae
412 1348 472 1390 nott
488 1329 600 1389 nunti
613 1326 784 1389 siruamus
800 1337 834 1388 et
846 1342 907 1407 pet·
926 1327 1027 1387 omnia
1047 1323 1169 1404 inquito
1181 1320 1341 1402 diiaqm

269 1429 438 1495 hominibm
453 1433 616 1513 propior.“
658 1437 708 1490 ud.
727 1454 767 1506 pr.
791 1455 817 1505 p.
833 1437 881 1493 26.

740 1575 867 1597 π

271 1664 458 1805 Quamvis
485 1725 557 1772 nou
585 1697 756 1796 negarim,
780 1718 915 1772 veteres
933 1696 1010 1770 Diis
1033 1719 1253 1796 eomparasse
1274 1692 1340 1764 ho·

268 1822 401 1910 mines,
434 1841 551 1894 tamen
584 1817 683 1919 quod
713 1818 795 1891 h.L
826 1818 905 1890 vult
939 1816 1128 1907 Bur-erius,
1169 1813 1339 1914 quodque

268 1941 425 2016 eiusdem
469 1941 708 2014 auctoritatem
751 1956 923 2034 sequutus
960 1936 997 2007 in
1035 1956 1169 2007 textum
1207 1933 1339 2033 recepit

267 2058 519 2133 Ruhnkenius:
556 2061 667 2129 ltomo
699 2057 845 2127 Virtuti
869 2057 1099 2146 simillimus,
1131 2053 1222 2126 illud
1252 2052 1340 2126 mihi

266 2181 371 2280 plane
403 2177 576 2278 displicet.
649 2173 748 2262 Quid
779 2170 903 2246 enim?
962 2173 1105 2266 Deaene
1139 2172 1338 2246 simillimus

265 2299 347 2376 vir?
399 2298 533 2370 Durior
569 2313 664 2367 certe
693 2312 744 2364 est
774 2292 924 2364 feminae
962 2319 1047 2364 cnm
1080 2292 1159 2365 viro
1195 2319 1337 2394 compa·

267 2421 356 2494 ratio
381 2421 491 2508 facta,
530 2434 565 2486 et
596 2415 773 2512 legeretur
800 2434 1002 2509 praeterea,
1036 2413 1065 2484 si
1097 2411 1186 2512 quid
1217 2411 1338 2486 video:

266 2542 340 2636 ipsi
367 2539 512 2614 Virtuti
531 2537 751 2608 simillimus.
803 2533 916 2608 Nobis
937 2533 1041 2632 igitur
1064 2532 1159 2604 aliud
1180 2533 1216 2606 iu
1241 2558 1337 2604 meu·

267 2680 340 2732 tem
359 2657 463 2731 venit.
526 2654 625 2743 Quid
650 2655 677 2727 si
708 2655 935 2755 recipiamus:

373 2792 491 2879 „Hic
518 2796 672 2887 genitus
695 2817 847 2886 proauo
882 2793 936 2861 M.
968 2792 1112 2861 Catone
1119 2843 1131 2876 ‚
1161 2793 1338 2886 principe

270 3001 273 3007 Ι
373 2916 438 2986 illo
455 2913 646 3003 familiae
672 2914 849 2996 Portiae,
883 2921 1026 2984 itatius
1058 2912 1192 2982 uirtuti
1221 2915 1336 2984 simil·

372 3037 484 3106 limus
492 3033 539 3106 ?“

266 3173 497 3247 Meminerint
518 3173 600 3245 VV.
628 3173 707 3246 DD.
738 3170 910 3244 simillima
940 3171 1039 3246 verbi
1068 3196 1142 3243 non
1168 3191 1202 3244 et
1226 3173 1338 3244 huius

265 3291 492 3390 compendia:
527 3287 578 3379 u}
603 3313 636 3365 et
664 3291 723 3364 ito.
781 3293 963 3366 Vetustate
998 3288 1122 3364 adesus
1146 3311 1336 3366 evanuerat

265 3412 425 3484 eminens
451 3411 512 3484 ille
544 3411 663 3484 literae
693 3414 719 3484 t
752 3405 853 3512 apexss
912 3411 1041 3512 Liquet
1073 3411 1169 3484 enim
1203 3432 1238 3485 et
1264 3410 1335 3484 hoc

265 3553 300 3604 et
324 3552 448 3606 nostro
473 3533 559 3605 loco
583 3532 707 3630 paullo
733 3532 948 3626 inusitatius,
975 3532 1075 3633 quod
1099 3531 1144 3604 ad
1169 3557 1337 3632 personas

265 3652 391 3724 referri
409 3651 583 3743 debuerit,
610 3650 655 3722 ad
680 3677 735 3724 res
757 3654 908 3725 relatum
929 3679 1011 3726 esse.
1064 3653 1143 3744 Est,
1166 3653 1205 3725 ni
1219 3652 1335 3743 fallor,

263 3770 432 3868 Euallage
460 3796 526 3842 ceu
547 3769 751 3864 Heterosis,
790 3772 849 3844 oui
878 3791 972 3844 recte
999 3771 1257 3846 Ramshornius
1287 3793 1337 3844 at·

234 3929 237 3938 =
262 3891 386 3962 tribuit
417 3889 599 3963 Ciceronis
627 3890 708 3962 illa:
750 3892 877 3990 Aegris
907 3891 1118 3992 corporibus
1156 3892 1336 3966 simillima

262 4029 314 4082 est
332 4011 440 4081 animi
462 4009 661 4108 aegritudo.
688 4010 762 4084 Cio.
787 4010 894 4085 Tnse.
913 4015 947 4104 5,
973 4039 1028 4086 10.
1056 4053 1104 4068 -
1136 4011 1209 4085 cu.
1228 4012 1335 4084 etiam

262 4126 302 4200 C.
320 4126 427 4201 Tusa.
448 4155 477 4222 1,
506 4155 536 4202 1.
569 4150 604 4202 et
624 4129 853 4203 Ramshornii
884 4131 945 4205 Gr.
975 4133 1003 4231 ᾗ.
1022 4135 1113 4224 203,
1128 4137 1130 4142 ’
1147 4129 1213 4224 ΠΙ,
1242 4157 1269 4202 1.
1291 4125 1335 4221 h3

261 4245 417 4348 denique
441 4249 624 4348 (quirem
646 4249 813 4348 absolvit)
841 4249 934 4323 Vell.
947 4250 996 4346 ΙΙ,
1023 4254 1056 4326 6.
1080 4280 1116 4353 p.
1129 4253 1188 4348 89.
1212 4248 1269 4326 ed.
1290 4247 1332 4325 R

262 4369 434 4462 „Caium
458 4370 662 4444 virtutibus
687 4373 767 4454 eiua
793 4372 995 4448 rinutemr‘
