3048 5152
259 593 333 668 118

260 799 368 856 tatem
395 805 478 880 prae
511 805 570 854 me
594 779 694 852 ferre.
751 778 876 878 Itaque
905 803 950 851 ne
978 777 1154 871 frontem,
1190 803 1331 875 quaeso,

262 899 497 995 contrahatis,
529 899 723 1002 Censores,
756 899 785 1010 si
828 897 892 1006 qui
927 897 1042 991 eritis,
1078 895 1333 989 humanissimi,

261 1038 430 1120 quattuor
450 1019 556 1093 simul
578 1014 798 1093 coniecturas
820 1016 972 1095 examini
992 1039 1107 1093 vestro
1129 1044 1150 1090 a
1171 1044 1229 1091 me
1250 1019 1332 1091 sub·

258 1139 365 1214 iectas
393 1139 592 1238 conspicati.
645 1141 738 1212 Sunt
765 1161 884 1212 autern
904 1138 988 1213 hae:

312 1286 342 1332 1.
379 1283 462 1330 cum
492 1283 539 1328 ne
570 1261 775 1353 pugnandi
806 1261 959 1354 quidem
993 1259 1144 1352 egregie
1187 1268 1332 1328 tontum

271 1396 275 1402 ’
381 1368 586 1450 occasionis
611 1378 659 1447 iis
682 1391 863 1472 quantum
889 1381 1088 1449 voluerant
1117 1382 1211 1448 dota
1236 1385 1332 1446 esset

379 1500 590 1593 impunitis,
614 1501 811 1593 castigatis
833 1513 870 1570 et
892 1525 925 1594 q.
935 1526 950 1588 ;

245 1661 247 1668 ·
312 1643 344 1690 2.
385 1643 468 1690 oum
492 1622 768 1714 'repugnando
793 1621 943 1714 quidem
966 1621 1184 1714 egrediendi
1207 1645 1228 1688 e
1253 1617 1334 1686 vita

381 1741 527 1810 occasio
547 1741 596 1809 iis
622 1741 664 1809 in
690 1753 873 1835 quantum
896 1742 1093 1810 coluerant
1119 1745 1213 1812 dota
1237 1749 1334 1810 esset

381 1860 577 1952 immunis3

310 1979 341 2046 5.
378 2002 461 2049 com
481 2003 528 2048 ne
543 2002 675 2072 pugno
699 1979 851 2074 quidem
873 1985 1119 2052 recedendi
1140 1991 1208 2048 aut
1230 2000 1334 2047 occo·

380 2099 436 2167 sio
459 2098 509 2168 iis
529 2101 568 2168 in
593 2112 779 2195 quantam*
800 2101 999 2171 voluerant
1027 2104 1121 2172 doto
1146 2097 1335 2169 casatam·

349 2218 522 2307 emunit,
569 2219 767 2312 castigatis
804 2220 920 2290 etiam
964 2219 1190 2315 quibusdam
1216 2216 1336 2310 gravi

371 2357 502 2432 poeno
527 2339 617 2432 quio
644 2339 830 2412 Romanis
853 2352 892 2409 et
911 2341 1032 2411 crinis
1053 2351 1093 2409 et
1116 2337 1256 2408 animis
1276 2333 1337 2406 uei

372 2457 569 2549 fuissent5

310 2583 344 2649 t.
377 2601 460 2648 oum
481 2583 752 2672 repugnando
774 2581 927 2676 quidem
952 2580 1173 2674 egrediendi
1194 2604 1215 2647 e
1233 2577 1337 2647 vallo

382 2698 527 2769 occasio
560 2699 628 2789 ite,
667 2700 709 2771 in
748 2703 944 2796 quantum·
973 2700 1194 2783 voluerant,
1241 2699 1338 2768 dota

382 2828 479 2886 esset
519 2818 735 2912 impunitis,
786 2819 985 2912 castigatis
1030 2819 1146 2888 etiam
1189 2815 1337 2913 quibua-

382 2937 506 3008 dam“
526 2955 563 3009 et
585 2965 619 3037 q.
635 2963 662 3009 s.
742 2977 748 2988 ·

263 3049 428 3138 Quorum
443 3056 676 3128 tentaminum
691 3075 856 3153 quartum
880 3073 1017 3128 tantum
1043 3075 1083 3126 ut
1103 3079 1218 3151 neque
1235 3052 1338 3128 nimii

146 3253 149 3264 ¹
261 3170 369 3244 simus
392 3199 507 3273 neque
535 3201 623 3272 quae
649 3175 859 3272 nobisipsis
888 3173 1155 3275 quodammodo
1180 3198 1255 3246 non
1283 3198 1337 3245 sa·

262 3289 441 3365 tisfaciunt
466 3293 657 3393 lectoribus
677 3317 941 3395 proponamus,
974 3294 1095 3394 paucis
1124 3294 1339 3367 confirmare

262 3429 397 3485 attinet.

359 3531 518 3605 Primum
557 3532 605 3606 de
642 3535 815 3607 sententia
855 3536 885 3608 si
921 3532 1059 3631 quaeris
1092 3532 1182 3606 haec
1222 3531 1339 3606 habeo

263 3675 354 3750 quae
384 3655 593 3750 proferam.v
652 3653 779 3729 Tradit
806 3654 965 3728 Velleius
997 3680 1081 3726 eum
1120 3652 1222 3726 ducis
1250 3680 1341 3725 mar·

265 3797 384 3844 cor-em
413 3769 545 3868 fuisse,¹
569 3795 609 3848 ut
640 3802 685 3847 ne
713 3803 847 3876 pugna¹
862 3773 1009 3876 quidem
1035 3773 1182 3846 salutem
1206 3793 1339 3870 petere,
1393 3776 1397 3781 ’

262 3889 428 3991 valloque
457 3918 530 3994 quo
569 3919 629 3966 eos
658 3895 747 3969 Vari
774 3895 873 3968 iussu
906 3892 1199 3966 circummunitos
1233 3892 1341 3966 fuisse

262 4031 415 4104 constat,
458 4011 629 4088 excedere
669 4013 810 4088 licuerit
854 4011 1033 4086 militibus.
1100 4012 1193 4092 Rem
1233 4013 1339 4112 plane
1419 4053 1422 4062 =

204 4172 206 4174 -
262 4125 484 4225 desperatam
520 4131 679 4232 expediri
714 4132 864 4206 omnino
901 4131 1018 4206 noluit
1054 4128 1157 4205 ducis
1196 4131 1342 4223 desidia,

261 4269 385 4350 utpote
410 4277 551 4352 quaque
579 4277 621 4331 ex
655 4279 777 4353 pugna
813 4251 953 4326 cladem
984 4275 1112 4326 novam
1136 4273 1340 4326 exorturam

229 4371 450 4445 ‘brunensis
1045 4395 1048 4400 “
