3048 5152
244 575 294 648 88

255 764 308 838 At
342 789 481 862 nequeo
512 765 604 838 mihi
634 785 850 867 temperare,
904 769 989 866 quin
1019 770 1062 841 et¹
1091 767 1241 843 verbum
1270 765 1332 839 ad·
1383 813 1387 820 ·

255 881 340 954 dam
368 881 415 954 de
448 883 514 955 illo
543 882 700 981 Coponii
736 883 853 981 dicto,
897 885 995 985 quod
1026 887 1104 960 aliis
1140 887 1225 961 VV.
1248 886 1333 961 DD.

254 1003 388 1100 leporis
414 1003 585 1101 plenum,
619 1005 760 1081 Orellio
791 1007 1044 1105 corrigendum
1070 1007 1219 1083 ridetur.
1251 1006 1333 1082 Mea

254 1119 399 1221 quidem
432 1125 604 1220 opinione
644 1127 846 1226 Coponius,
890 1128 928 1202 in
963 1127 1139 1202 Plancum
1180 1126 1333 1200 nefanda

141 1307 143 1312 -
252 1253 402 1327 Antonii
435 1250 564 1351 flagitia
596 1278 670 1323 non
709 1251 784 1322 sine
816 1252 996 1350 voluptate
1029 1248 1221 1348 multisque
1249 1275 1333 1321 cum

251 1374 366 1446 verbis
402 1392 647 1470 exsequentem
677 1370 757 1444 satis
783 1396 900 1442 amare
931 1369 1020 1442 haec
1046 1368 1166 1442 iecisse
1188 1368 1330 1442 dicitur:
1431 1421 1434 1426 -

251 1494 390 1592 „Atqui
418 1477 595 1566 Antonius
626 1517 711 1589 ergo
743 1492 857 1564 multa
892 1505 1014 1563 tecum
1042 1489 1219 1562 commisit
1248 1490 1331 1561 faci·

251 1613 354 1684 nora!
382 1613 526 1711 egregio
553 1634 593 1683 tn
615 1611 826 1708 'priusquam
848 1609 904 1682 ad'
920 1623 985 1682 n'os
1003 1609 1143 1682 redires
1166 1607 1330 1682 sodalitio

248 1757 333 1804 usus
376 1739 457 1805 es.“
549 1731 764 1806 Offendebat
811 1732 850 1805 ni
898 1731 1005 1804 fallor
1060 1729 1330 1804 subtilissimum

250 1850 375 1924 Orellii
394 1852 568 1927 iudicium
584 1854 621 1925 in
641 1856 751 1926 verbo
778 1855 930 1947 „pridie
959 1854 1109 1947 quom‚“
1136 1849 1236 1950 quod
1250 1877 1330 1925 ver·

246 1973 335 2044 hum
355 1971 431 2046 11.1.
452 2001 526 2047 non
553 1973 576 2046 i.
595 1991 646 2046 est
663 1999 696 2069 q.
721 1969 836 2071 pridie
860 1970 934 2042 eius
953 1968 1022 2042 diei
1046 1998 1073 2044 s.
1097 1971 1162 2044 illo
1188 1970 1246 2043 die
1268 1973 1330 2072 qui

246 2095 437 2192 praecessit
459 2096 492 2168 ei
519 2121 590 2192 quo
616 2113 657 2166 tu
681 2094 782 2164 illum
805 2091 1038 2192 relinqueres,
1062 2091 1190 2164 sed-
1217 2092 1327 2192 signi·

246 2215 359 2288 ficatu
378 2217 524 2288 fortasse
549 2214 770 2289 inusitatiore
787 2257 838 2270 -
857 2215 967 2287 valet:
993 2234 1074 2286 ante
1098 2240 1125 2287 s.
1146 2203 1259 2313 usque
1281 2211 1328 2284 ad
1357 2261 1359 2266 -

247 2359 331 2407 eum
352 2334 449 2434 diem
468 2361 593 2432 quam3
612 2356 737 2433 aequat
746 2333 1009 2434 propemodum
1024 2332 1195 2409 adverbio
1201 2335 1328 2428 prius·

245 2481 370 2550 quam.
422 2457 619 2531 Verterim:
643 2455 689 2529 Ja
710 2454 936 2554 uahrhaftig,
959 2456 1143 2529 Antonius
1158 2453 1221 2527 hat
1234 2454 1326 2528 vielc

167 2560 170 2565 ’
243 2571 405 2646 Streiohe
435 2574 615 2673 gemacht,
644 2574 699 2648 eh'
720 2576 787 2664 (his
808 2576 874 2648 auf
889 2574 958 2648 den
978 2574 1146 2674 heutigen
1166 2575 1246 2675 Tag
1267 2575 1327 2670 da)

246 2693 385 2765 du'ihn
413 2695 586 2768 verlassen
610 2694 737 2768 hast!“
752 2739 802 2752 -
830 2697 954 2770 Falsus
980 2715 1031 2768 est
1052 2697 1216 2769 Goettius
1241 2723 1327 2798 pro·

244 2810 330 2884 dens
360 2811 469 2887 ltaec:
518 2812 596 2909 „Ja
623 2814 838 2914 wahrhaftig
866 2813 932 2890 der
962 2814 1139 2889 Antonius
1170 2815 1232 2890 hat
1259 2845 1325 2917 gar

242 2932 336 3005 viele'
352 2933 473 3034 Dioge
498 2939 573 3007 den
599 2939 684 3032 Tng
707 2962 846 3029 novor,
871 2939 940 3008 elie
964 2934 1012 3009 du
1038 2935 1102 3011 ihn
1121 2937 1324 3036 verliesscst,

243 3055 408 3128 veriibt“

339 3173 456 3248 Pridie
473 3177 582 3276 igitur
609 3177 646 3251 11.
664 3179 689 3250 l.
711 3177 854 3277 longius
870 3198 1011 3280 tempus
1027 3180 1201 3279 significat
1216 3209 1323 3281 qnam

240 3293 512 3390 praecedentem
534 3294 650 3393 diem,
676 3299 776 3372 cuius
797 3298 848 3371 rei
865 3302 1027 3398 quamvis
1046 3328 1163 3374 unum
1183 3322 1323 3376 tantum

241 3403 500 3490 documentum
536 3418 645 3518 idque
678 3445 722 3491 ex
748 3419 902 3519 Digestis
937 3421 1127 3521 repetitum
1162 3425 1322 3522 proferat

241 3531 484 3629 Foroellinus,
533 3560 652 3610 tamen
691 3538 782 3610 illud
826 3540 986 3639 accipi0,
1040 3570 1152 3641 quum
1182 3543 1320 3619 Velleio

240 3651 439 3729 Latinitatis
469 3661 592 3758 paullo
616 3660 760 3734 latiores
779 3663 873 3736 fines
905 3661 1152 3736 concedendas
1181 3665 1320 3740 ducam.

344 3800 438 3874 Dico
470 3821 587 3876 autem
618 3803 707 3878 haec
741 3803 908 3876 Martiani
941 3803 1025 3903 Dig.
1061 3805 1123 3880 lib.
1143 3815 1200 3880 40.
1232 3810 1319 3882 tito

241 3917 309 4016 leg.
333 3945 377 3992 ιο
406 3941 509 3995 extr:
551 3925 657 4018 „Qui
686 3925 801 4026 pridie
827 3951 937 4024 quam
959 3951 1003 3997 ex
1033 3944 1241 4001 testamento
1273 3927 1321 4001 ad

243 4037 443 4113 libertatem
471 4042 695 4140 perveniret,
723 4041 821 4116 idern
845 4045 926 4116 fieri
950 4071 1073 4144 passus
1095 4067 1147 4118 est
1170 4047 1193 4119 i.
1216 4073 1244 4120 e.
1268 4091 1319 4103 -

240 4179 279 4232 ut
295 4157 488 4236 Forcellini
514 4162 631 4240 verbis
653 4184 730 4236 utar
750 4203 803 4222 -·‹
826 4185 1019 4266 antequam
1041 4168 1254 4268 perveniret
