3044 5150
1219 623 1268 694 ⁶9

193 805 305 878 nioue
335 805 438 880 litera
476 804 537 894 C.,
580 825 749 902 tunquam
784 803 899 904 glum
936 808 1180 908 superscripta.
1214 829 1269 884 eet

190 925 366 1000 vocabulo
400 933 513 1019 duee,
548 923 678 998 deinde
707 923 806 1022 quod
837 927 962 1027 scripsi
992 943 1049 1002 eol
1079 929 1177 1004 idern
1196 931 1270 1004 iam

191 1071 298 1144 supra
320 1048 431 1120 semel
456 1073 500 1119 ex
524 1046 576 1119 lit.
597 1074 619 1116 e
637 1044 796 1119 formavi.
865 1099 868 1108 t

525 1512 782 1604 cuttu
817 1509 933 1603 xla

617 1670 841 1744 moue

272 1831 335 1895 „et
363 1843 448 1884 aaut·
477 1821 646 1904 t'atpmta
673 1831 786 1890 territa
815 1828 1055 1888 nummula
1087 1836 1190 1888 uteo
1217 1825 1270 1887 (lie

189 1925 275 1988 doru·
297 1924 470 1988 mleideret
486 1927 617 2004 orabat,
645 1942 678 1992 et
704 1931 805 1994 libelli
826 1931 1067 1992 emmaum
1091 1930 1274 1992 metm

189 2028 260 2090 dati
278 2026 319 2090 ab
339 2052 395 2105 eo,
412 2052 511 2115 mque
525 2037 669 2115 protirme
689 2037 765 2098 lecti
783 2041 907 2098 erant.“
947 2040 999 2093 Ed.
1017 2056 1058 2108 pr.
1081 2039 1165 2108 pet.

189 2271 380 2386 Kraustus
405 2313 456 2387 V.
476 2313 523 2390 D.
555 2314 806 2388 Buunauuum
833 2333 1004 2416 sequutus
1030 2312 1155 2388 edidit:
1184 2317 1270 2386 dati

191 2432 242 2504 ab
273 2433 401 2526 obvio,
442 2433 491 2508 ite
525 2459 601 2506 sese
637 2434 856 2510 Ruhnkeuio
888 2436 1004 2510 lenius
1033 2460 1139 2533 agere
1176 2434 1298 2508 arbi-¹

189 2573 308 2628 tratur.
360 2550 596 2628 Rulmlteuius
610 2555 705 2628 enim
726 2555 922 2654 legendum
947 2557 1159 2654 suspicatur:
1186 2558 1271 2628 doti

190 2677 247 2746 ad
266 2699 373 2762 eum,
398 2701 437 2748 n.
452 2703 492 2772 p.
516 2685 540 2750 l.
565 2707 593 2750 r.
642 2675 744 2763 Quae
766 2677 972 2751 coniectura
999 2675 1159 2773 quemvis
1180 2674 1271 2748 mihi

188 2791 288 2865 haud
316 2793 468 2892 placeat,
505 2815 626 2866 tamen
660 2821 734 2868 non
768 2794 936 2870 audacior
964 2815 1015 2869 est
1041 2821 1149 2894 quam
1177 2795 1269 2876 Bur·

188 2912 390 2985 mamriana.
451 2911 526 2986 Sed
561 2911 651 3014 quid
681 2914 823 2986 multa?
874 2913 967 2987 Mihi
996 2911 1190 3012 legendum
1218 2914 1268 2988 vi·

187 3030 308 3106 detur:

295 3225 323 3262 „
333 3187 371 3243 et
413 3175 530 3248 libelli
582 3178 881 3248 coniurationem
923 3179 1146 3249 nunciantes
1186 3178 1272 3258 dart

298 3305 438 3379 adeo,
468 3321 588 3390 neque
608 3297 784 3389 protinus
805 3297 893 3367 lecti
919 3300 1068 3371 eranl.“

188 3432 381 3512 Neminem
417 3437 529 3536 fugit,
569 3435 670 3508 hane
699 3436 929 3528 sententiam,
967 3437 1099 3537 quippe
1127 3439 1270 3512 libellos

190 3553 290 3628 datos
333 3581 406 3628 esse
417 3611 434 3649 ‚,
467 3555 766 3655 praecedentibus
805 3558 977 3632 maiorem
1017 3558 1089 3633 vim
1124 3557 1277 3652 haberep

189 3672 287 3748 uude
307 3702 392 3769 suo,
426 3676 575 3778 opinor,
600 3676 682 3750 loeo
705 3695 756 3750 est
779 3679 950 3778 particula
976 3683 1086 3751 adeo.
1143 3677 1271 3750 Unum

186 3811 326 3866 tantum
342 3794 452 3869 modo
475 3796 614 3868 obstat:
634 3795 838 3870 Freuudius
859 3796 1005 3893 quidem
1026 3795 1063 3868 in
1083 3794 1168 3868 Lex.
1188 3795 1266 3872 Lat.

188 3938 274 3986 raro
311 3935 345 3988 et
383 3917 420 3990 in
456 3943 562 4016 prosa
596 3917 755 3990 oratione
794 3918 940 3990 fortasse
979 3941 1164 4014 nunquam·
1197 3915 1271 3992 diei

186 4031 362 4131 signifieat
400 4042 497 4110 adeo
538 4040 730 4138 praemisso
768 4065 861 4134 que:
897 4081 949 4094 -
982 4065 1053 4133 que
1083 4044 1190 4112 adeo.
1219 4081 1270 4096 -·

183 4152 328 4228 Verum
349 4183 459 4256 saepe.
483 4158 659 4256 poetieam
682 4157 822 4232 redolet
844 4156 975 4232 Vetteii
1007 4158 1136 4252 oratio,
1162 4157 1269 4232 nihil-

181 4302 261 4376 que
284 4275 412 4354 dubito
437 4279 525 4378 quin
548 4277 622 4352 hue
646 4279 753 4354 faeiat
774 4278 996 4352 Plautinum:

321 4397 484 4494 „Atque
501 4401 595 4473 ltere
619 4411 656 4470 te
677 4400 802 4496 iurum
824 4404 924 4474 adeo
951 4412 1147 4474 contuor.“
