3048 5152
271 561 344 638 100

273 751 397 828 iactata
417 771 518 849 sunt,
542 752 660 828 denuo
677 751 722 828 ad
737 755 854 856 ipsum
866 751 1001 828 Tiberii
1020 751 1174 830 Neronis
1193 779 1338 849 nomen,

274 870 374 972 quod
412 873 528 974 primo
544 921 547 928 =
564 875 608 947 ab
638 874 740 950 initio
771 874 926 976 positum
960 891 1045 970 erat,
1083 872 1181 972 quasi
1214 875 1340 949 reverti

273 991 498 1090 scripsoram.
535 994 794 1079 --Quamobr‘em
818 991 866 1067 ita
890 994 989 1068 hunc
1013 994 1133 1068 locum
1164 994 1201 1068 in
1226 993 1341 1096 publi·

212 1175 215 1188 .
272 1137 355 1186 cum
385 1111 619 1188 emittendum
643 1114 779 1212 putavi:

371 1235 518 1325 „Brevi
538 1238 732 1307 interiecto
755 1237 881 1332 spatio
902 1238 945 1312 T.
966 1237 1069 1308 Nero
1091 1236 1234 1308 duobus
1256 1259 1340 1306 con·

370 1352 553 1426 salutibus
592 1355 821 1450 totidemque
855 1353 1057 1450 triumphis
1092 1357 1191 1426 actis
1224 1353 1340 1426 tribu·

369 1473 489 1544 nitiae
524 1473 731 1569 potestatis
765 1473 1002 1544 consortione
1040 1486 1225 1569 aequatus
1260 1472 1340 1546 Aa·

365 1604 499 1686 gusto,
524 1593 661 1664 ciuium
679 1604 770 1688 post
793 1615 925 1678 unum,
953 1604 992 1661 et
1013 1593 1104 1684 boc,
1130 1595 1221 1687 quia
1241 1595 1340 1663 cole-

372 1710 456 1802 bat,
485 1713 814 1803 eminentissimus,
840 1715 975 1782 ducum
1000 1714 1204 1798 maximus,
1222 1715 1340 1804 joma

363 1832 606 1926 fortunaque
648 1829 928 1922 celeberrimus,
978 1843 1016 1899 et
1053 1855 1140 1902 uere
1179 1834 1341 1933 alterum

370 1955 464 2049 reip.
489 1953 613 2022 lumen
635 1964 680 2058 eb
694 1961 824 2045 caput,
851 1951 951 2020 mira
975 1953 1143 2046 quadam
1163 1964 1200 2022 et
1224 1951 1342 2022 iucre-

256 2067 260 2074 ’
372 2072 480 2143 ditia
503 2085 618 2168 atque
649 2063 897 2142 inenarrabili
914 2071 1084 2165 pietate,
1112 2072 1216 2142 cuius
1237 2097 1342 2142 caus·

371 2218 438 2264 sac
459 2218 547 2265 mox
567 2195 735 2288 detectae
753 2202 858 2282 sunt,
881 2215 964 2261 cum
990 2191 1029 2261 0.
1054 2192 1198 2261 Caesar
1219 2215 1340 2288 sump-

369 2315 480 2386 sisset
511 2313 591 2383 iam
618 2291 767 2382 virilem
792 2322 939 2404 togam,
972 2310 1114 2381 Lucius
1146 2309 1237 2380 item
1261 2335 1341 2380 ma·

252 2412 257 2419 ¹
370 2448 478 2505 turus
494 2443 592 2504 esset
611 2432 695 2500 vir:
723 2443 785 2514 is,
810 2455 857 2499 ne
873 2429 1014 2523 fulgor
1033 2454 1122 2500 suus
1142 2429 1344 2500 orientium

369 2555 546 2624 iuvenum
583 2548 752 2619 obstaret
765 2548 913 2638 initiis,
953 2550 1194 2620 dissimulata
1226 2574 1343 2619 causa

371 2671 517 2743 consilii
541 2667 618 2752 sui,
649 2680 899 2738 commeatum
913 2665 968 2764 ab
990 2690 1117 2738 socero
1142 2680 1258 2764 atque
1284 2663 1343 2739 eo'-

373 2795 458 2862 dem
485 2788 618 2858 vitrico
638 2779 907 2882 ¹acquiescendi
930 2813 956 2858 a
985 2788 1264 2860 continuatione
1288 2792 1344 2859 ta-

371 2909 502 2982 borum
516 2908 677 3001 petiit‚“

270 3025 453 3132 Apodosis
480 3024 605 3124 incipit
626 3053 645 3096 a
669 3023 800 3117 verbis:
828 3021 953 3124 issue
974 3027 1114 3120 fulgor
1139 3051 1237 3096 suus.
1280 3021 1342 3094 Ti·

269 3151 360 3224 berii
391 3149 456 3221 sub
487 3171 664 3218 secessum
698 3143 804 3217 caius
833 3144 1038 3242 quindecim
1082 3169 1215 3236 annos,
1254 3141 1344 3214 duo·

273 3269 391 3344 decim
409 3264 543 3339 Lucius
564 3285 662 3336 natus
685 3262 790 3336 fuisse
811 3263 969 3338 traditur.
1021 3265 1210 3362 Postquam
1235 3263 1343 3350 trien·

271 3390 333 3465 nio
374 3406 455 3489 post
499 3385 644 3456 fratrent
685 3382 818 3456 Lucius
867 3411 1011 3485 quoque
1047 3384 1183 3459 virilem
1223 3405 1343 3482 togam

272 3524 471 3611 sumpserat
503 3504 615 3603 (cum
643 3517 817 3575 maturas
849 3520 946 3575 esset
976 3503 1082 3602 vir),
1129 3503 1342 3579 Tiberianae

271 3625 566 3730 magnanimitatis
591 3649 714 3698 rumor
740 3622 895 3695 Romam
919 3625 1170 3722 perferebatur.

372 3743 860 3884 Magnanimitatis,1nquam‚
884 3766 925 3818 ut
947 3773 1029 3818 cum
1040 3745 1182 3819 Velleio
1204 3746 1343 3845 loquar,

255 3902 256 3910 ¹
272 3870 373 3943 ahter
390 3866 559 3940 nimirum
572 3863 746 3938 Suetonio
765 3883 911 3939 auctore
932 3864 1091 3938 dicturus
1110 3891 1232 3938 essem.
1270 3863 1344 3950 Qui

272 3985 371 4085 (Tib
386 3987 444 4080 ιι)
468 3983 688 4079 „Transacto
706 4006 838 4078 autem,
863 3986 997 4086 inquit,
1019 3985 1222 4058 tribunitiae
1243 4002 1342 4083 pote·

272 4107 369 4182 statis
397 4125 558 4206 tempore
584 4103 764 4176 confessus
783 4102 940 4200 tandem,
969 4105 1059 4178 nihil
1084 4102 1180 4177 aliud
1204 4127 1343 4176 secessu

274 4223 482 4305 devitavi-sse
507 4251 563 4320 se,
589 4252 696 4324 quam
721 4225 968 4300 aemulationis
994 4253 1077 4300 cum
1102 4223 1187 4298 Caio
1212 4223 1343 4296 Lucio·

273 4375 343 4452 que
367 4343 622 4449 suspicionem,
644 4344 746 4448 petiit
766 4364 807 4420 ut
833 4345 901 4420 sibi
923 4341 1268 4448 -permitteretur,
1290 4367 1343 4420 re·
