3044 5150
355 766 533 866 „Meteili
554 777 682 838 tomen
700 775 738 834 et
762 765 976 860 triumphus
982 764 1066 856 fuit
1083 765 1325 854 clarissimus,

277 897 280 904 '
355 886 601 960 etmeritum,
614 885 758 958 virtues·
778 891 890 960 eim.
907 909 1110 978 cognomen
1135 883 1326 954 Numidici

184 1089 188 1098 Ι
293 1081 294 1086 χ
354 1008 559 1078 inditum.“

254 1123 327 1201 ltu.
347 1125 383 1199 in
426 1125 518 1198 libro
548 1123 593 1196 ΙΙ.
637 1150 667 1197 c.
696 1126 739 1196 16
775 1154 810 1224 p.
846 1149 913 1196 rao
965 1120 1021 1194 ed.
1056 1119 1202 1193 Ruhnk.
1241 1120 1326 1193 Vel·

253 1246 360 1320 leius:
408 1243 550 1337 „Cuius
583 1242 703 1343 pietati
749 1245 890 1343 plenam
923 1243 1076 1343 populus
1108 1242 1152 1313 R.
1172 1241 1328 1340 -gratiam

255 1362 444 1436 reddidit.“
496 1361 706 1435 conferatur
728 1363 854 1454 etiam,
879 1361 909 1434 si
931 1361 1016 1434 tanti
1034 1382 1103 1453 est,
1128 1359 1174 1433 de
1195 1387 1228 1434 v.
1252 1387 1327 1432 me·

254 1488 371 1555 ritum
402 1480 502 1582 quod
528 1480 760 1554 Ruhnkenius
782 1481 933 1582 sumpsit
962 1480 1177 1579 exemplum:
1219 1481 1328 1572 „Qui
1406 1529 1407 1534 κ

254 1604 430 1675 meritum
455 1626 657 1696 cognomen
684 1605 746 1674 Pii
771 1616 1017 1697 consequutus
1036 1604 1155 1672 erat.“
1210 1599 1329 1672 Krau-

253 1722 387 1797 sianum
410 1747 496 1794 vero
522 1721 711 1794 lectionem
742 1742 808 1814 „et
829 1721 996 1794 meritum
1017 1720 1147 1792 virtute
1171 1719 1327 1818 utique“

254 1840 405 1912 aliorum
431 1867 474 1912 ex
503 1839 715 1913 coniecturis
741 1843 953 1934 conflatam,
987 1857 1176 1938 natamque
1202 1839 1326 1931 ventis,

252 1961 366 2041 ventis
394 1959 593 2032 reddamus.

349 2081 395 2154 Et
425 2080 483 2155 vix
519 2101 590 2172 est,
628 2077 730 2179 quod
767 2077 908 2170 dicam,
954 2101 1076 2152 notam
1110 2080 1165 2176 εἰς
1200 2075 1327 2176 (eius)

251 2200 428 2280 facillime.
442 2227 510 2301 pro
535 2201 638 2272 litera
662 2227 696 2297 q.
721 2199 825 2297 (que)
851 2199 962 2296 accipi
982 2199 1147 2297 potuisse.

267 2397 270 2402 ,
350 2319 481 2420 Neque
507 2318 633 2416 religio
660 2317 727 2389 erit
752 2344 888 2416 ponere
914 2317 953 2391 h.
973 2320 998 2390 l.
1020 2319 1213 2419 aliamque
1231 2317 1329 2422 Rhe·

252 2441 404 2514 naniuua
425 2436 702 2536 interpungendi
725 2440 836 2536 sigua.
880 2437 1084 2537 Langueret
1101 2439 1199 2512 euim
1215 2438 1329 2512 oratio

251 2559 374 2661 siquis
392 2600 436 2616 -
455 2556 554 2658 quod
570 2556 821 2659 mihi'quoque
837 2559 925 2632 olim
939 2559 976 2632 in
999 2580 1157 2634 mentem
1175 2559 1332 2633 venit-.

251 2681 437 2757 scriberet:
466 2700 500 2751 et
520 2677 723 2777 triumphus
747 2678 816 2752 fuit
839 2680 1077 2770 clarissimus,
1104 2701 1139 2780 et
1163 2680 1332 2751 meritum

251 2811 319 2888 (sc.
348 2799 583 2873 clarissimum
614 2798 721 2885 fuit):
757 2798 950 2900 virtutique
976 2805 1031 2898 (s.
1059 2800 1216 2899 quippe)
1256 2797 1330 2869 eius

250 3040 511 3134 animadvertit,
547 3039 588 3112 iis
629 3064 718 3139 quae
754 3040 866 3137 capite
908 3043 950 3112 15
983 3040 1011 3138 ᾗ.
1034 3043 1066 3111 4.
1101 3040 1333 3138 legerentur:

249 3213 277 3250 „
287 3163 480 3244 Metellus,
526 3161 591 3254 qui
632 3161 809 3228 meritum
854 3184 1056 3253 cognomen
1099 3163 1162 3232 Pii
1204 3185 1329 3230 conse·

252 3293 389 3378 quutus
413 3289 540 3368 erut‚“
573 3297 754 3375 tamquam
782 3279 988 3349 memoriter
1020 3280 1064 3349 ab
1093 3277 1186 3370 hoe,
1220 3305 1329 3378 quem

250 3420 461 3490 tractamus,
493 3399 575 3470 loco
605 3396 759 3495 repetitis
792 3395 946 3490 ostendi,
976 3399 1126 3470 verbum
1152 3391 1330 3472 meritum

248 3519 477 3622 participium
507 3543 593 3611 esse,
620 3544 694 3591 non
720 3519 987 3594 substantivum.
1042 3519 1206 3613 Accedit,
1229 3517 1330 3618 quod

249 3641 467 3716 vocabulum
497 3640 662 3712 meritum
687 3664 730 3712 eo
756 3665 829 3739 quo
850 3640 1019 3714 volumus
1051 3664 1175 3732 sensu,
1217 3659 1256 3712 ut
1283 3638 1340 3710 sit·w

250 3762 556 3861 francogallorum
591 3759 656 3854 „le
685 3759 844 3833 me'rite“
880 3759 1054 3860 singulari
1088 3783 1239 3832 numero
1263 3783 1347 3861 P⁰·.

252 3881 357 3955 situm
376 3881 435 3956 vix
461 3882 664 3983 reperiatur.
688 3924 734 3940 -
