3044 5150
1210 615 1260 695 57

174 795 387 889 ταλάντωνς
435 825 524 896 quae
567 825 706 873 summa
749 802 885 878 excedit
922 808 1114 880 numerum
1150 812 1258 883 flore-

80 1008 82 1014 s
174 945 304 992 norum
322 947 566 1015 eso‚ooo,ooo
580 927 653 1018 ²³).
703 925 927 1020 Nonaginta
949 927 1058 1000 millia·
1084 928 1257 1002 talentum

174 1058 258 1109 sunt
279 1043 397 1112 vicies
421 1045 558 1114 millies
590 1055 627 1111 et
654 1045 775 1114 sexies
803 1046 932 1115 decies*
954 1044 1005 1119 Η.1
1024 1046 1061 1122 S.
1098 1049 1257 1122 'Etenim

175 1157 341 1238 Ciceroni
373 1160 520 1257 (Rabir.
549 1160 642 1237 Post.
663 1165 722 1257 8.)
770 1161 898 1235 decem
941 1163 1054 1236 millia
1086 1167 1257 1240 talentum

172 1299 257 1352 sunt
291 1280 501 1354 Sestertium
538 1281 590 1354 bis
624 1281 750 1354 millies
787 1303 821 1354 et
855 1281 1160 1382 quadringenties3
1195 1286 1256 1360 Li·
1354 1269 1360 1284 .

171 1399 301 1496 vioque
327 1421 471 1477 auctore
496 1420 640 1475 centum
661 1403 793 1474 talenta
816 1404 990 1478 sexcentis
1012 1405 1168 1479 millibus
1195 1406 1256 1480 de-

172 1519 359 1598 nariorum
385 1542 543 1618 aequant.
566 1563 615 1576 -
677 1521 779 1594 Haec
815 1541 849 1595 et
877 1524 945 1596 alia
978 1525 1138 1600 invenire
1173 1528 1262 1602 licet

171 1637 267 1740 apud
290 1639 448 1714 Gronov.
481 1640 526 1713 de
555 1641 698 1714 Sestert.
728 1641 758 1734 I,
784 1669 818 1738 9.

271 1763 372 1867 Quae
394 1808 506 1880 quum
535 1780 582 1853 ita
604 1783 692 1875 sint,
718 1781 861 1854 Velleio
885 1810 1028 1884 quoque
1051 1783 1149 1858 idem
1170 1807 1257 1863 cum?

169 1901 341 1998 Appiano
371 1927 540 1972 numerus
563 1899 800 1974 restituendus
829 1901 907 1995 erit,
931 1902 1253 2006 scribendumque:

373 2073 400 2107 ,‚
413 2025 577 2117 amplius
603 2025 719 2092 vicies
743 2024 880 2093 millies
906 2024 1057 2094 H.1S.“

168 2137 279 2226 Quod
304 2121 360 2214 ita.
376 2143 414 2212 in
438 2144 558 2213 sexies
582 2121 814 2239 depravatum
841 2143 1011 2215 existimo.
1066 2143 1253 2242 Scriptum

168 2277 243 2331 erat
279 2262 389 2334 literis
423 2291 450 2335 s.
482 2257 688 2335 maiusculis
719 2257 892 2334 Romanis
925 2290 951 2334 s.
983 2261 1252 2360 longobardicis

166 2377 348 2474 V101E83
385 2383 608 2456 obsoleverat
636 2383 737 2455 litera
772 2411 808 2478 e;
844 2410 956 2480 eoque
987 2383 1119 2478 modo,
1154 2383 1252 2482 quod

167 2521 258 2595 erat,
284 2506 400 2574 vicies
424 2521 612 2603 acceptum
634 2522 685 2575 est
705 2530 774 2601 pro
797 2505 891 2578 Vlia
914 2533 940 2577 s.
969 2507 1099 2576 sexies.
1149 2505 1250 2604 Ergo

165 2623 220 2694 uti
243 2621 454 2722 Appianum
477 2624 656 2718 Velleius,
681 2623 730 2698 ita
751 2623 913 2700 Velleius
940 2625 1151 2724 Appianum
1170 2625 1247 2699 h.l.

168 2743 330 2818 illustrat.
1178 2759 1182 2768 '

417 3095 674 3188 cnut·
716 3089 984 3183 xxxtx.

499 3259 565 3314 verr.
572 3261 612 3330 11,
625 3257 667 3315 55.
687 3259 761 3331 pm
774 3261 813 3316 tr.
824 3261 907 3316 ortu.

245 3459 268 3490 ,‚
282 3413 475 3476 Vmeattdt'a
497 3415 597 3495 moqis
614 3433 704 3496 qttam
720 3415 837 3477 virtute
861 3416 947 3476 oties
963 3412 1130 3474 restitutae
1151 3406 1185 3471 Ο.
1205 3406 1247 3468 A,
1306 3503 1309 3510 Ι

162 3517 241 3578 duce
268 3538 359 3599 quam
387 3535 408 3576 a
434 3514 533 3578 milite
559 3516 709 3594 fortius.“
735 3549 776 3560 —
837 3520 890 3574 Etl.
910 3538 954 3591 pr.
977 3539 1005 3590 p.
1018 3521 1066 3577 36.
1109 3519 1172 3572 Sed.
1193 3519 1247 3572 efr.

164 3625 291 3695 (praeter
311 3628 371 3680 eorl.
391 3621 518 3695 Amerlt.)
541 3623 650 3677 Burerii
672 3624 871 3680 annotationes.

656 3766 763 3774 -ι--ι-

656 3775 765 3786 --ι

163 3862 353 3974 Kmusius
382 3904 465 3977 loeo
494 3927 599 4000 quem
631 3901 743 3972 atntlit
774 3897 922 3973 Taciteo
947 3899 1038 3971 mihi
1067 3924 1146 3971 non·
1165 3922 1245 3996 per-

161 4019 291 4112 suasit,
342 4022 444 4095 etiam
483 4019 619 4120 plurali
661 4045 813 4092 numero
851 4017 925 4092 dici
965 4045 1096 4119 posse:
1143 4021 1247 4090 acies

161 4145 373 4216 restitutae.
428 4141 572 4216 Tacitus
599 4141 712 4213 enim:

203 4325 256 4410 ¹³)
283 4325 310 4388 I.
333 4327 371 4388 F.
403 4323 509 4386 thttn
532 4333 566 4384 tle
593 4329 743 4399 ponderum
766 4347 912 4387 tumorum
930 4345 1121 4386 mensurarum
1141 4357 1172 4369 -
1199 4343 1245 4383 η.

285 4438 418 4494 sonibus
447 4435 603 4507 Stuttgttrtl.
620 4437 708 4494 1820.
