3048 5152
276 577 348 652 ¹12

275 765 373 840 enim
392 779 453 837 aut
471 761 594 836 saltem
610 759 728 834 minus
753 756 991 838 necessarium
1007 773 1059 832 est
1076 754 1241 830 additum
1258 754 1351 830 illud

276 887 354 979 soi,
379 905 496 982 neque
517 879 689 978 haudjita
707 907 730 952 a
752 903 841 954 vero
860 877 1123 974 aberrahnnus,
1146 876 1176 950 si
1197 876 1263 948 sub
1286 876 1350 950 illo

273 1004 353 1104 ipso
375 1002 572 1103 syllabam,
593 1025 684 1100 qnae
706 1000 815 1075 verbo
836 999 1000 1100 sequenti
1017 996 1134 1092 deest,
1162 999 1222 1069 dis
1240 995 1350 1069 latere

275 1139 476 1196 statuamus.
534 1118 606 1191 Fac
636 1118 811 1217 scriptum
834 1117 940 1189 fuisse
968 1119 1040 1191 dis:
1075 1143 1118 1188 ex
1149 1142 1223 1217 quo
1247 1139 1350 1214 prae-

274 1243 391 1340 posita
428 1265 516 1341 quae
553 1239 619 1314 fini
656 1237 786 1312 ascribi
817 1235 970 1311 debebat
1001 1237 1102 1311 litera
1135 1266 1154 1310 s
1185 1237 1351 1312 librarius

273 1362 371 1440 istud
399 1359 499 1464 quod
526 1360 728 1439 notavimus
755 1362 815 1432 sui
837 1358 994 1434 effecisse
1018 1355 1171 1434 videtur.

532 1885 786 1980 CAPUT
823 1883 1084 1982 IrfflV.

573 2067 802 2141 Vennum.
819 2067 1052 2141 pannonia
1227 2159 1229 2166 y

354 2220 714 2305 „Grona'ntroan'nqtae
737 2225 1038 2286 connonntotitontr'
1057 2226 1160 2305 operte
1183 2224 1353 2306 dieafiate-

273 2338 344 2392 stae
367 2349 413 2392 eso
436 2326 605 2410 Germotttfo
622 2326 773 2408 epistulae
793 2329 882 2388 coesi
906 2324 985 2388 Vari
1006 2328 1285 2412 trucidatotumqne
1311 2329 1354 2392 le

271 2430 396 2514 pietatm
415 2433 508 2492 triam
531 2429 719 2512 totidemque
742 2429 861 2492 alatrum
881 2441 915 2491 et
939 2451 1001 2492 sex
1021 2430 1190 2494 cohortium
1209 2466 1249 2481 -·
1266 2431 1353 2494 veltet

274 2535 307 2594 a'n
329 2532 388 2594 hoc
409 2534 520 2595 saltent
540 2533 747 2595 tantumnodo
764 2531 852 2594 nobis
871 2531 1049 2614 indnlqente
1063 2535 1191 2612 fortuna
1206 2557 1247 2598 ne
1265 2554 1353 2599 oeott·

270 2645 350 2716 poto
366 2637 519 2698 noman
536 2656 630 2698 carno
646 2635 901 2717 percolanooram
917 2638 1055 2718 exiqit.“
1095 2645 1146 2699 Ed.
1163 2663 1205 2715 pr.
1225 2647 1310 2716 pm.

758 2791 885 2814 a

274 2917 355 3028 Est
383 2954 444 3028 hic
473 2982 516 3030 ex
547 2957 637 3031 locis
664 2955 902 3050 difficillimis,
935 2959 998 3031 eui
1028 2955 1093 3032 ntis
1131 2958 1269 3032 utinam
1300 2961 1355 3032 fa-

274 3093 380 3150 vente
404 3074 587 3151 Minerva!
607 3122 659 3134 —
689 3078 802 3152 facem
831 3078 991 3151 criticam
1019 3076 1197 3151 admoturi
1216 3105 1349 3153 sumus.

275 3191 372 3266 Illud
397 3203 482 3268 'vern
505 3197 663 3296 primum
692 3196 868 3270 concedas
896 3223 1039 3272 necesse
1067 3219 1137 3291 est,
1159 3224 1237 3271 eam
1260 3226 1351 3300 qnae

275 3314 386 3410 vulgo
409 3316 541 3387 feratur
564 3317 639 3390 loci
660 3317 878 3415 scripturam
903 3339 939 3390 et
960 3317 1187 3392 audaciorem
1218 3346 1291 3392 esse
1316 3340 1353 3393 et

275 3434 390 3532 ipsam
414 3461 554 3532 quoque
581 3438 724 3509 nonnisi
746 3439 873 3511 lacuna
898 3459 1037 3537 sumpta
1061 3438 1211 3537 intelligi
1239 3465 1351 3540 posse.

276 3553 350 3626 Sed
362 3553 483 3654 accipe
504 3581 594 3656 quae
614 3556 718 3628 nobis
740 3585 814 3630 non
837 3556 1005 3633 invidisse
1021 3555 1162 3631 videtur
1175 3558 1353 3632 Fortuna:

376 3700 479 3768 velut
507 3701 548 3768 in
575 3699 648 3769 hoo
674 3701 787 3769 saltu
813 3702 1072 3770 tantummodo
1097 3700 1204 3772 nobis
1228 3703 1351 3772 indul-

370 3831 485 3912 gente
514 3820 700 3891 Fortuna.
775 3823 819 3885 Α
844 3837 916 3886 me
946 3823 1056 3890 lieet
1094 3835 1274 3916 occupato
1301 3864 1353 3879 ·-

378 3942 494 4010 doe&
522 3948 570 4007 et
592 3964 708 4010 causa
733 3948 782 4007 et
799 3963 971 4034 persona
1000 3964 1149 4011 moram
1176 3943 1304 4035 exigit.

277 4096 456 4197 Tangitur
482 4098 519 4175 h.
544 4102 567 4173 1.
596 4099 687 4174 illud
719 4101 818 4203 quod
847 4129 959 4200 supra
994 4105 1166 4201 cap.1o5
1203 4103 1352 4201 legitur:

276 4232 409 4292 nostra
441 4223 555 4294 clade
584 4224 724 4294 nobilis
771 4227 955 4296 transitus
998 4226 1197 4319 Visurgis5
1229 4249 1351 4320 quam·

277 4365 385 4439 quam
427 4339 504 4414 illie
545 4341 761 4416 vocabulum
793 4357 926 4416 nostra
968 4342 1007 4415 in
1053 4343 1261 4418 universum
1288 4339 1350 4420 nd
