3044 5150
1210 607 1260 662 XV

227 744 230 750 ⁵
274 782 402 884 Neque
429 779 558 874 aliter,
586 790 690 878 puto,
719 727 943 853 iudicandum
971 790 1026 851 cst
1053 775 1098 850 dc
1125 775 1260 851 voculis

189 900 239 972 ad
276 921 338 989 ca,
370 896 449 969 loco
486 893 591 967 modo
629 895 755 984 citato,
798 892 863 967 sed
895 917 1002 965 versu
1040 887 1095 968 24
1128 891 1260 990 positis.

189 1009 383 1084 Rhenanus
417 1009 507 1107 legit
538 1019 642 1082 occa
672 1019 709 1080 et
746 1020 785 1084 at
820 1034 883 1100 ea,
917 1005 1089 1080 Bnrcrius
1127 1017 1166 1080 at
1200 1031 1263 1102 αις
1366 1069 1368 1072 ,

190 1119 449 1198 Amerbechius
475 1147 579 1198 veroa
613 1123 740 1197 altera.
799 1119 986 1198 vocabula
1016 1118 1150 1194 Altera
1176 1143 1264 1219 pure

188 1241 305 1312 inmte
332 1235 579 1333 coniungenda
608 1246 689 1308 sunt
717 1261 798 1309 cum
828 1263 862 1312 v.
891 1251 992 1333 μή,
1020 1233 1263 1334 praecedentis

188 1350 324 1450 periodi
354 1349 399 1424 ab
428 1350 526 1423 initio
556 1352 682 1448 posito.

273 1505 436 1579 Tertium
465 1505 561 1605 quod
596 1505 790 1598 Brassica,
829 1529 901 1606 quo
929 1503 1085 1577 incuriae
1128 1503 1265 1575 incuset
1360 1517 1365 1530 ‘

48 1567 50 1572 Δ
189 1619 416 1713 Rhenanum,
432 1621 548 1710 affert,
572 1617 702 1715 legitur
728 1617 751 1687 l.
769 1617 817 1694 11
836 1645 867 1696 c.
876 1615 940 1692 68.
958 1615 1017 1708 §.d
1040 1647 1076 1718 p.
1086 1613 1151 1690 11.
1167 1643 1200 1693 v.
1212 1611 1264 1687 17

189 1733 259 1807 Ed.
281 1760 335 1833 pr.
400 1727 454 1803 At
476 1756 560 1803 vero
588 1729 846 1826 Rhenannsnin
873 1732 949 1828 ipso
975 1742 1142 1807 contextu
1170 1728 1267 1804 dedit

2 1895 3 1956 ξ
106 1882 108 1885 ·
192 1843 303 1920 Caere
330 1847 457 1938 diam,
493 1842 539 1914 ad
575 1844 770 1942 marginem
811 1841 1021 1923 Saesetium.
1092 1845 1266 1919 Burerius

193 1969 310 2031 autem
339 1983 420 2030 cum
451 1953 689 2031 Amerhachio
719 1956 832 2031 codici
862 1954 1020 2033 attribuit
1051 1955 1267 2056 Caesetium

194 2097 282 2182 ergo
311 2071 506 2144 Rhenanus
538 2098 583 2146 ne
615 2084 827 2172 assequutus
866 2070 1009 2172 quidem
1046 2083 1101 2145 cst
1136 2072 1266 2148 codicis

194 2186 411 2283 scripturam.

277 2339 412 2413 Iniuria
446 2343 559 2441 igitur
585 2339 781 2414 Rhenanus
818 2340 1029 2439 „exemplar
1063 2341 1157 2416 illud.
1186 2367 1277 2442 pros

192 2466 359 2554 perantes·
394 2453 440 2526 ad
476 2456 663 2530 infeliciter
701 2453 746 2528 ab
785 2456 895 2529 amico
930 2451 1083 2557 quodam
1111 2455 1253 2557 descrip

193 2571 302 2644 tum“
337 2569 481 2642 Ioannis
517 2569 686 2642 Frobenii
730 2569 849 2667 operis
892 2571 1078 2645 tradidisse
1113 2569 1267 2671 putatur.

194 2682 334 2776 Quodsi
375 2682 567 2776 concedere,
613 2682 718 2756 simnl
753 2681 854 2755 dahis
893 2685 999 2778 mihi,
1039 2681 1269 2760 Amerhachii

195 2795 412 2893 exemplmn‚
439 2795 535 2896 quod
563 2808 598 2870 et
619 2799 735 2895 ipsum
760 2796 798 2867 in
826 2797 1004 2871 officinam
1027 2825 1099 2872 non
1119 2802 1269 2896 venerit,

194 2931 300 3005 posse
328 2908 469 3006 quidem
499 2909 592 2983 idem
629 2936 707 2983 esse
734 2936 814 2981 eum
850 2913 1041 3009 exemplari
1069 2913 1131 2986 illo
1162 2941 1269 3015 saepe

196 3034 485 3096 commemorato:
524 3022 713 3094 dummodo
747 3036 979 3119 properanter
1010 3051 1051 3096 ac
1082 3028 1269 3103 infeliciter

195 3137 366 3232 scriptum
394 3135 464 3208 dici
500 3138 655 3234 potnerit
679 3134 864 3209 Rhenano.
943 3138 1052 3246 Quod
1092 3143 1269 3243 quomodo

194 3248 435 3348 accipiendum
460 3251 507 3322 sit
535 3248 823 3324 demonstremus.
1018 3275 1023 3288 ·

278 3405 580 3506 „Propcrontcr“
622 3405 764 3504 quidem
800 3433 876 3503 rem
910 3434 1010 3480 suam
1038 3410 1112 3508 egit
1141 3406 1269 3486 Amer-

194 3517 363 3617 bachius3
403 3520 529 3592 etenim
562 3521 707 3618 triginta
738 3521 887 3619 amplius
920 3521 1009 3594 locis
1044 3523 1184 3623 singula
1212 3526 1271 3599 vel

195 3635 377 3733 complura
405 3636 509 3707 ctiam
538 3632 668 3706 codicis
696 3633 804 3707 verba
833 3636 951 3709 omisit
968 3633 1019 3736 *).
1087 3637 1181 3711 Sunt
1209 3663 1269 3709 au·

196 3758 267 3819 tem
305 3749 357 3820 hi:
402 3774 485 3848 pag.
505 3745 569 3839 19,
596 3747 665 3844 193
702 3745 961 3848 pag.17,193
1001 3774 1084 3848 pag.
1109 3747 1272 3851 26,25;

197 3882 281 3955 pag.
295 3859 362 3952 58,
378 3857 430 3934 19
437 3890 449 3957 3
472 3887 553 3961 pag.
562 3857 628 3952 11,
644 3858 695 3935 16
724 3859 811 3960 (csr.
828 3889 910 3961 pag.
920 3860 1017 3960 11),
1044 3890 1127 3964 pag.
1143 3861 1210 3958 55,
1226 3864 1274 3964 73

198 3995 281 4070 pag.
302 3969 370 4063 60,
390 3971 462 4069 183
489 4002 571 4074 pag.
592 3973 657 4067 70,
672 3973 747 4071 263
782 4001 865 4074 pag.
885 3973 950 4068 75,
968 3973 1017 4072 53
1045 4003 1126 4078 pag.
1146 3977 1212 4073 77,
1227 3977 1272 4079 23

198 4110 281 4184 pag.
298 4082 363 4178 78,
382 4081 427 4182 25
461 4115 544 4188 pag.
563 4086 719 4184 79,12,
756 4116 837 4190 pag.
853 4087 918 4182 79,
938 4087 1008 4188 153
1036 4117 1120 4194 pag.
1138 4091 1204 4189 87,
1225 4091 1272 4194 2;

260 4331 287 4400 ’)
318 4331 360 4384 Dc
378 4327 445 4384 libri
463 4330 544 4400 primi
562 4333 696 4401 capitibus
718 4343 780 4391 octo
798 4339 949 4408 prioribus,
970 4340 1069 4396 Orellii
1086 4360 1118 4394 cx
1137 4342 1273 4398 sententis

323 4407 493 4472 monaalto
511 4415 547 4469 ab
569 4416 753 4475 Amerbachio
771 4423 893 4485 omissis,
915 4423 970 4478 dixi
987 4423 1015 4477 in
1031 4430 1098 4480 nota
1121 4423 1216 4494 nim.
