3048 5152
494 974 745 1066 orror
791 977 1007 1096 nrm¹

518 1133 959 1212 vot.n‚ss.⁶.p.1otsn.oror.

280 1289 443 1374 „Fuitqne
462 1295 495 1353 in
516 1293 667 1371 confesso,
687 1293 802 1354 milites
821 1296 932 1374 optimi
949 1295 1162 1375 insperatorm,
1185 1295 1277 1376 impe·

196 1404 333 1456 retorem
349 1396 544 1478 fimaeissimi
565 1396 672 1458 militis
693 1398 831 1474 fimetom
855 1398 959 1476 officio
984 1394 1104 1458 uidebit
1121 1399 1139 1458 b
1158 1418 1213 1459 sim
1237 1419 1278 1460 mr

201 1495 389 1579 Cleopatrae
417 1498 548 1560 arbitrio
570 1501 733 1560 victoriam
757 1509 983 1579 temperatioris
1006 1502 1133 1578 fiterat,
1160 1503 1215 1582 qm·
1234 1501 1280 1563 od

197 1602 264 1662 eto
284 1600 446 1662 arbitrium
467 1602 588 1662 diremit
605 1601 747 1680 fingam
788 1608 840 1661 Ed.
859 1626 900 1676 pr.
922 1606 1007 1676 ΜΒ.
1300 1595 1307 1608 ’

682 1744 788 1766 =

199 1844 273 1951 Ad
311 1877 413 1954 huno
444 1880 568 1953 locum
607 1878 795 1952 Burerius:
834 1936 856 1975 ,,
866 1879 958 1954 Mihi
988 1884 1111 1958 melius
1145 1888 1278 1987 placet,

198 2020 240 2072 ut
263 2000 416 2097 legatur:
458 2012 501 2073 ut
526 2000 672 2072 dubites
697 2025 814 2071 suone
838 2028 891 2073 on
919 2004 1148 2100 Cleopatrae
1175 2008 1277 2078 arbi·

198 2121 273 2192 trio
299 2114 394 2210 ἆσέ(

293 2261 345 2334 At
386 2259 566 2357 exemplar
605 2260 822 2334 Amerbaeh.
859 2263 985 2336 omissa
1026 2289 1115 2340 voce
1155 2267 1276 2362 officio

195 2377 286 2452 haec
317 2379 440 2455 hahet:
466 2384 651 2472 sunctum
683 2381 866 2455 videbites
887 2411 934 2455 ne
959 2410 1012 2455 ao
1038 2423 1080 2440 -
1119 2387 1279 2458 adeius

187 2504 336 2598 sugam
359 2503 561 2574 arbitrium
585 2505 724 2574 direxit
736 2504 895 2598 fugam.

295 2639 375 2714 Jam
409 2641 552 2742 pridem
583 2642 672 2714 mihi
697 2642 878 2743 displicuit
907 2641 999 2716 illud
1027 2665 1100 2715 tarn
1128 2645 1277 2744 abrupte

196 2787 311 2837 novae
347 2760 678 2860 comprehensionis
705 2765 749 2835 ab
780 2764 880 2836 initio
907 2763 1064 2863 positum
1103 2767 1276 2838 Dubites.

198 2882 331 2956 Melius
357 2903 452 2956 certo
477 2882 685 2980 elegantiori
710 2884 876 2955 orationis
905 2885 1065 2957 transitui
1089 2885 1277 2960 inserviret

197 3002 404 3078 coniunctio
429 3017 472 3073 ut
505 3029 575 3099 qua
610 3013 694 3075 cnm
722 3001 1013 3075 antecedentibus
1043 3004 1277 3102 iungerentur

194 3122 389 3223 sequentia.
454 3121 579 3220 ltaque
616 3150 700 3194 cum
740 3121 889 3196 Burerio
924 3121 1157 3198 scribendum
1189 3153 1276 3200 con·

194 3244 351 3318 iicimus:
386 3256 429 3314 ut
454 3241 610 3313 dubites.
671 3242 816 3314 Etenim
838 3241 889 3314 uti
916 3241 953 3314 h.
977 3242 1001 3315 l.
1030 3270 1073 3315 ex
1093 3242 1276 3319 uidebites

195 3379 247 3440 ut
267 3364 426 3456 dubites,
451 3363 501 3435 ita
524 3389 632 3460 supra
656 3387 699 3432 ex
720 3362 912 3435 uirebatur
935 3364 1097 3438 omnium
1119 3391 1163 3438 ex
1188 3392 1275 3438 con·

195 3513 301 3560 sensu
323 3485 458 3558 factum
484 3500 536 3555 est
559 3494 635 3576 „ut
659 3483 838 3555 rebatur.“

301 3629 473 3722 Officium
481 3627 734 3722 fugacissimi
749 3626 895 3716 militis,
919 3648 963 3697 eo
985 3650 1059 3722 quo
1075 3622 1275 3698 Rhenanus

194 3745 315 3844 posuit
344 3770 450 3818 sensu
481 3745 554 3818 dici
578 3771 652 3818 non
675 3767 779 3843 posse
805 3743 945 3841 egregie
971 3744 1110 3816 monuit
1140 3745 1275 3842 optime

196 3864 341 3937 meritus
359 3864 492 3939 codicis
501 3863 777 3937 Amerhachiani
790 3861 926 3934 Editor.
983 3860 1057 3947 Qui
1075 3889 1187 3962 quum
1207 3889 1276 3963 pro

194 3985 264 4058 hac
291 3983 458 4057 Rhenani
488 3983 765 4084 interpolatione
789 3980 929 4055 dederit
957 3985 1060 4076 viee,
1090 4007 1171 4056 mea
1198 3984 1275 4084 opi·

195 4104 306 4180 nione
328 4104 473 4178 omnino
499 4129 624 4176 verum
651 4101 750 4178 vidit.

291 4245 552 4345 subsequentia
608 4243 776 4318 codicum
815 4263 850 4317 et
888 4241 1010 4317 Murb.
1048 4264 1084 4316 et
1121 4241 1270 4317 Amerb.

193 4367 239 4440 ad
270 4367 379 4444 fidem
424 4365 616 4441 certissime
657 4364 838 4465 corrigere
884 4363 985 4458 licet,
1034 4363 1105 4438 hoc
1144 4362 1272 4439 modo:
