3048 5152
271 607 344 686 1³4

271 795 381 876 modo
406 797 512 874 fiiisse
546 798 644 897 quod
678 819 714 872 ee
750 797 887 900 equites
894 847 907 892 ,
936 806 1037 870 tamo
1062 803 1082 868 e
1109 795 1274 870 Graccho
1298 796 1352 872 fa·

271 947 357 996 vore
381 919 576 1020 complexi,
599 920 637 992 in
661 920 765 1006 illum
791 917 968 992 irmerine

668 1077 749 1181 Peg.
766 1089 818 1160 26.
846 1107 879 1155 ν.
898 1087 950 1158 16.

368 1217 416 1315 ῙῙ,
440 1225 473 1294 4·
500 1247 533 1316 7.
582 1222 716 1314 Anno,
746 1246 818 1291 non
845 1210 1095 1294 Amerbacchii
1117 1243 1237 1289 annos
1263 1201 1351 1291 scri-

270 1342 356 1414 bere
391 1341 527 1415 malim.
602 1340 769 1413 Ceterum
800 1337 846 1410 de
884 1336 1117 1436 chronologia
1148 1335 1183 1410 h.
1213 1338 1236 1410 l.
1273 1365 1349 1410 nou

272 1480 409 1534 constat
430 1461 531 1535 ratio.

681 1596 762 1695 Peg.
780 1607 833 1675 2⁷.
857 1623 890 1671 v.
907 1611 938 1676 2·

373 1740 422 1833 11,
442 1744 476 1814 5.
496 1744 528 1813 5.
582 1737 707 1825 Quum
740 1758 934 1836 appareat,
964 1765 1037 1812 non
1076 1742 1248 1830 timorem
1283 1743 1350 1816 aed

190 1851 193 1867 ⁸
267 1865 455 1956 pudorem
484 1860 641 1933 militum
665 1859 842 1960 effecisse,
861 1880 921 1954 ‘ut'
939 1861 1139 1936 vincerent:
1169 1863 1274 1936 nihili
1298 1884 1352 1936 est

272 1979 370 2080 quod
391 1979 477 2080 legit
497 1977 643 2053 Amerb.
666 1981 806 2052 mixtus
825 1984 970 2075 pudori
993 1986 1117 2056 timor.

678 2142 760 2239 Pag.
774 2154 828 2221 29.
854 2169 886 2216 v.
902 2153 935 2220 6.

369 2280 418 2375 ΙΙ,
442 2309 472 2376 7.
489 2287 521 2356 6.
575 2281 673 2370 Quid
698 2282 766 2356 sibi·
788 2284 868 2368 vult
897 2286 991 2355 ultio
1016 2285 1331 2361 inimicitiarum?

669 2441 822 2542 [Peg-29·
846 2455 943 2521 v-16·

320 2571 322 2578 Ι
367 2585 415 2678 ΙΙ,
431 2611 463 2680 9.
482 2587 515 2658 6.
549 2584 681 2657 Orellii
696 2585 804 2658 lectio
829 2609 1083 2683 magnumque
1103 2589 1208 2660 Enni
1227 2611 1353 2684 quam·

268 2706 319 2781 vis
346 2707 419 2776 non
456 2704 564 2804 plane
601 2703 806 2803 displiceat,
847 2727 965 2779 tamen
1005 2705 1085 2781 vide
1119 2734 1165 2780 ne
1200 2708 1246 2780 in·
1267 2707 1350 2806 ipso

268 2827 392 2900 vocab.
416 2850 597 2916 magnum
621 2851 756 2898 nomen
779 2824 923 2928 aliquod
946 2826 1070 2918 lateat,
1097 2855 1133 2900 v.
1150 2855 1180 2900 c.
1205 2829 1351 2900 Asinii-

268 2971 351 3042 que.
407 2944 518 3017 cuius
545 2944 582 3016 in
618 2945 764 3020 laudem
789 2949 901 3019 affero
936 2947 1030 3046 Virg.
1058 2947 1135 3030 Eel,
1152 2947 1260 3041 VIII,
1293 2976 1347 3022 10.

270 3068 353 3140 cola
379 3066 589 3162 Sophocleo
622 3079 690 3138 tua
728 3067 900 3140 carmina
929 3069 1047 3160 dzgrna
1077 3070 1283 3159 coebaneo,-
1319 3090 1355 3142 et
1427 3117 1430 3122 ‚

266 3184 360 3256 Dial.
385 3181 429 3256 de
455 3183 569 3259 Orate
587 3210 643 3258 21.
681 3187 891 3258 Pacuvium
914 3199 1015 3261 oerte
1042 3200 1080 3257 et
1103 3188 1254 3262 Attium
1275 3215 1352 3262 non

268 3307 389 3380 colum
419 3307 629 3399 tragoediis
663 3311 734 3378 aed
767 3309 885 3378 etiam
912 3307 1148 3380 orationibus
1178 3311 1257 3380 auia
1288 3336 1352 3382 ex·

264 3427 427 3520 pressit:
473 3429 572 3497 adeo
598 3435 750 3500 darm
771 3442 809 3498 et
835 3437 987 3500 tieem
1010 3439 1078 3500 eet.
1139 3428 1243 3516 Quae
1264 3454 1351 3503 con·

266 3546 418 3621 veniunt
452 3569 536 3619 cum
567 3545 636 3618 illis
668 3544 815 3640 Velleii,
850 3557 996 3648 poetam
1029 3547 1137 3622 illum
1161 3550 1255 3622 inter
1281 3549 1352 3624 hoe

266 3663 362 3764 ipsos
387 3663 509 3736 fecisse
545 3661 646 3766 operi
674 3692 739 3738 suo
773 3668 912 3761 locum,
945 3666 1035 3741 adeo
1066 3668 1211 3764 quidem
1241 3691 1282 3744 ut
1311 3670 1351 3746 in

266 3785 339 3858 illis
372 3785 498 3874 limae,
533 3785 571 3857 in
601 3784 672 3859 hoc
696 3813 812 3886 paene
839 3789 921 3887 plus
946 3787 1107 3862 videatur
1131 3790 1239 3863 fuisse
1273 3817 1351 3863 san-

268 3907 394 4004 guinis.
464 3905 603 3979 Ennius
640 3917 736 3981 certe
768 3911 825 3984 vix
858 3907 929 3981 dici
966 3932 1108 4008 poterat
1141 3901 1244 4010 operi
1282 3937 1349 3984 suo

268 4027 392 4098 iocum
405 4027 526 4100 fecisse
542 4027 634 4100 inter
643 4028 839 4102 Pacuvium
851 4028 1093 4127 Antiumque,
1116 4032 1247 4132 quippe
1263 4059 1353 4132 quos

269 4171 346 4220 non
363 4149 554 4248 exceperit,
579 4147 642 4241 aed
660 4151 790 4250 quihus
806 4168 917 4222 aetate
939 4150 1171 4224 antecesaen‘t.
1209 4151 1354 4226 Constat

268 4264 365 4338 enim
390 4267 550 4342 Ennium
582 4297 676 4344 anno
701 4297 738 4342 υ.
763 4295 792 4344 c.
815 4274 907 4366 585,
940 4270 1134 4346 Pacuvium
1154 4275 1225 4343 625
1254 4271 1353 4346 diem

265 4387 418 4486 obiisse,
444 4389 598 4465 Accium
620 4415 706 4466 vero
727 4417 823 4466 anno
852 4390 998 4466 demum
1015 4395 1087 4466 585
1115 4413 1240 4466 natum
1264 4419 1349 4468 esee.
