3048 5152
282 593 355 668 140

279 783 387 858 totius
416 783 511 858 orbis
541 803 714 856 terrarum
741 779 935 880 imperium·
956 778 1114 852 delatum
1136 778 1207 873 sit,
1230 779 1358 854 Anto·

280 903 341 976 nio
367 929 441 978 non
462 903 566 997 item13
596 929 671 974 nur.
686 903 802 1000 legem
823 899 1018 974 Gabiniam
1040 899 1267 974 dissuaserint
1289 927 1357 1001 op·

277 1044 424 1099 umatus-

572 1175 574 1182 ’
673 1185 754 1283 Pag.
772 1196 824 1264 53.
855 1213 888 1258 v.
905 1199 957 1264 20.

338 1331 344 1344 “
378 1325 570 1420 11,51.a.
615 1329 782 1398 consilia.
841 1325 973 1400 Nonne
1005 1326 1249 1401 scribendum:
1286 1329 1361 1398 sed

280 1471 410 1520 eorum
433 1448 590 1519 consilia
617 1450 640 1516 i.
665 1471 700 1519 v.
724 1444 783 1518 s?

677 1634 762 1748 Peg.
780 1661 822 1726 53
847 1637 883 1722 vi
895 1660 948 1727 16.

377 1785 464 1861 Non
494 1789 569 1862 siue
601 1791 783 1888 voluptate
811 1788 876 1862 sed
911 1811 947 1862 et
982 1817 1065 1862 cum
1098 1787 1221 1864 dolore
1255 1816 1358 1886 nunc

281 1904 428 1980 demum
458 1907 584 2003 video,
626 1937 684 1982 me
718 1911 755 1981 in
799 1908 923 1983 eadem
961 1909 1125 1983 incidisse
1161 1938 1245 1983 eum
1277 1909 1360 1982 Hu-

278 2027 375 2123 thio,
402 2029 625 2104 coniiciente:
655 2034 862 2130 permultis
882 2033 961 2102 iam
990 2034 1079 2102 aliis
1099 2034 1205 2104 locis.
1223 2035 1355 2105 victos.

676 2269 762 2378 Pag.
779 2279 832 2348 54.
860 2298 893 2345 v,
907 2280 959 2348 14

378 2411 425 2506 Il,
450 2415 506 2502 32,
529 2417 583 2498 14.
634 2410 798 2514 Apparet¹
820 2441 888 2502 vy⁸¹
906 2417 1087 2511 discripta
1112 2439 1224 2511 ¹quos.
1243 2440 1290 2484 ue
1318 2416 1363 2486 in

277 2531 314 2628 in
352 2532 430 2632 ipso
468 2532 591 2622 codiee
633 2532 880 2628 exstantias
914 2531 1124 2631 Rhenan0‚j
1152 2533 1362 2633 corrigendi

279 2652 399 2744 studio
439 2652 571 2748 duem,
611 2654 794 2728 immutata
823 2680 912 2744 esse.
981 2653 1085 2744 Quae
1117 2675 1234 2740 tamen
1270 2654 1364 2728 mihi

279 2774 430 2846 omnino
449 2801 633 2867 nonlsana'
644 2799 717 2860 esse
729 2773 913 2866 sidentur.
965 2774 1065 2870 Quid
1083 2775 1112 2848 si
1130 2774 1362 2862 scribendum

278 2893 338 2968 sit:
376 2896 575 2969 distributo
601 2919 883 2992 quoquoversus
906 2941 957 2954 -
982 2895 1159 2995 praesidio
1187 2894 1363 2970 navium?

690 3119 770 3224 Pag·
789 3129 840 3198 55.
863 3146 895 3195 v.
912 3128 944 3196 4.

378 3261 427 3352 ll,
450 3265 506 3334 55.
528 3287 575 3349 1.,
594 3261 829 3362 Piraticum]
877 3261 940 3334 Est
962 3259 998 3333 h.
1014 3260 1044 3351 l.
1067 3259 1258 3359 scriptoris,
1277 3286 1360 3356 'non

278 3380 412 3455 librarii
436 3406 536 3454 error
557 3380 748 3458 notandus.
773 3381 943 3468 ‚Etenim
964 3384 1140 3466 sinerum
1163 3380 1362 3476 esset‘San-

278 3503 367 3576 tenii
393 3503 716 3593 Mithridaticum,
738 3501 902 3575 Velleius
929 3528 1003 3575 non
1018 3500 1165 3575 diceret:
1202 3499 1296 3573 Cum
1322 3501 1362 3572 in

276 3623 350 3694 fine
383 3639 472 3694 esset
498 3619 635 3692 bellum
664 3617 975 3713 Mithridaticum,
1007 3647 1160 3722 cumque
1185 3620 1362 3693 Lucullus

275 3785 327 3826 τ
350 3744 453 3814 idem
479 3741 614 3830 bellum
650 3737 770 3812 adhuc
795 3738 1078 3836 administraret,
1112 3741 1281 3816 Manilius
1305 3743 1360 3816 le·

277 3886 359 3957 gem
385 3862 485 3952 tulit,
511 3881 551 3932 ut
574 3861 712 3952 bellum
730 3864 1122 3962 Mithridaticumper
1143 3863 1360 3962 Pompeium

277 3978 594 4054 administraretur.
672 3979 830 4074 Offeudo
847 4041 851 4063 2
868 3983 906 4054 in
936 3988 1063 4066 eodem
1102 3985 1270 4059 subiecto
1304 4005 1360 4056 ter

279 4099 436 4198 repetitu.
500 4099 628 4201 Neque
665 4102 694 4174 is
727 4123 779 4174 est
812 4102 977 4194 librarius
1006 4104 1144 4200 Murb„
1176 4105 1238 4208 qui
1265 4106 1362 4202 ¹tales

278 4241 373 4316 creet
400 4245 517 4310 voees.
