3044 5150
273 606 322 678 16,

372 791 490 867 Nemo
517 820 590 866 nou
606 789 778 888 'intelligit
801 788 1025 864 Rhenanam·
1046 813 1154 887 quam
1179 784 1342 866 facillime

273 912 495 988 confundere
524 912 678 1012 potuisse
708 912 814 982 verba
840 935 930 1009 quae
957 900 1108 980 Buterio
1136 927 1279 980 anctore
1304 906 1340 978 in

273 1033 359 1120 cod.»
381 1034 560 1108 exstabant
584 1059 666 1103 eum
694 1031 752 1124 iis,
789 1056 880 1130 quae
906 1029 979 1127 ipse
1006 1025 1175 1100 exhibuit.
1232 1023 1341 1098 Dedit

272 1155 380 1252 igitur
405 1156 537 1240 „intra
558 1155 701 1224 aedem.
732 1129 861 1222 Coss.“
883 1176 1015 1252 quum,
1041 1145 1174 1222 codicis
1201 1147 1343 1243 vestigia

273 1293 461 1373 sequutus,
492 1272 645 1345 scribere
676 1270 854 1342 debuisset
881 1272 1041 1339 interna.
1070 1269 1240 1341 deindc.'
1271 1269 1343 1338 Ac·

274 1393 385 1482 cedit,
419 1391 518 1492 quod
550 1392 698 1464 fortasse
727 1417 771 1464 ue
805 1393 940 1462 deinde
969 1385 1134 1488 quidem,
1160 1386 1232 1459 ‘sed
1260 1387 1342 1458 sim·

273 1511 400 1612 plicius
433 1513 520 1582 dein
554 1511 725 1608 scriptum
763 1509 845 1604 fuit,
880 1507 977 1580 unde
1015 1506 1176 1579 facillime
1212 1506 1343 1608 syllaba

232 1655 234 1660 ·
275 1636 362 1705 dein
385 1658 451 1731 pro
476 1630 575 1703 finali
602 1630 698 1702 vocis
723 1633 857 1701 aedem
879 1630 1009 1729 syllaba
1032 1627 1156 1700 haberi
1182 1617 1303 1728 potuit.

372 1785 448 1858 Iam
471 1812 543 1856 non
570 1785 728 1882 ineptum
749 1784 824 1855 fore
838 1781 997 1873 videtur,
1025 1782 1218 1879 attingere,
1245 1781 1344 1881 quod

272 1933 383 2005 supra
405 1905 505 1976 certis
522 1903 567 1975 de
597 1905 725 1976 caussis
746 1902 937 1976 omisimus.
990 1903 1128 2000 Religio
1155 1902 1251 1974 enim
1271 1925 1344 1974 esse

272 2026 381 2124 possit
405 2045 540 2096 mutare
567 2023 603 2099 h.
624 2026 648 2096 l.
672 2021 950 2120 interpungendi
985 2023 1095 2119 signa.
1151 2023 1344 2094 Krausium

274 2167 369 2221 certe
398 2144 441 2217 V.
478 2145 522 2218 D.
566 2145 596 2216 si
629 2142 748 2236 audis,
799 2142 864 2216 Ed.
897 2142 1072 2241 principis
1103 2143 1342 2240 interpunctio

273 2269 345 2341 iam
384 2264 469 2338 inde
506 2267 549 2338 ab
585 2264 664 2362 ipso
699 2260 821 2334 codice
858 2261 977 2335 Murb.
1018 2264 1189 2362 originem
1219 2265 1346 2366 repetit

272 2415 385 2461 snam.
450 2383 499 2455 At
520 2404 613 2455 errat
633 2383 823 2476 Krausius,
860 2383 1054 2482 nulloque,
1088 2385 1238 2484 opinor,
1267 2389 1344 2457 iure

274 2509 345 2580 sive
367 2504 523 2601 neglexit
544 2503 615 2576 sire
640 2530 706 2602 pro
734 2503 839 2575 irritis
863 2502 988 2575 babuit
1009 2504 1138 2577 diserta
1163 2505 1222 2604 illa
1247 2505 1345 2577 Beati

275 2624 443 2698 Rhenani
471 2624 592 2696 verba:
644 2623 800 2715 „Ausim
836 2623 972 2715 iurare,
1003 2650 1102 2718 eum,
1145 2626 1207 2726 qui
1242 2627 1345 2699 illum

275 2744 459 2840 (codicem
487 2742 788 2840 Murbacensem)
826 2742 1078 2844 descripserat,
1114 2771 1160 2817 ne
1194 2748 1345 2820 verbum

275 2866 421 2968 quidem
440 2864 667 2936 intellexisse:
698 2862 787 2936 adeo
816 2845 936 2937 omnia
966 2885 1066 2936 erant
1087 2866 1232 2939 confusa
1261 2869 1346 2940 abe·

275 3014 347 3084 que
376 2989 462 3058 ullis
486 2989 641 3082 punctis
678 2999 745 3056 aut
776 2987 1115 3062 distinctionibus.“
1140 2989 1176 3086 ⁸)
1237 2987 1347 3074 Quod

276 3107 372 3178 enim
400 3106 574 3180 Krausius
601 3104 646 3177 ad
677 3103 757 3178 tlt
783 3111 952 3178 c.1151.
985 3106 1021 3178 II
1047 3113 1091 3179 25
1113 3129 1200 3180 extr.
1235 3109 1346 3181 Bure·

275 3227 370 3300 rium
394 3245 558 3297 testatum
584 3246 701 3324 putat,
730 3226 834 3297 aliam
854 3225 888 3296 in
907 3225 973 3298 Ed.
1002 3255 1054 3326 pr.
1080 3247 1183 3329 atque
1208 3230 1345 3330 inipso

277 3345 401 3420 codice
424 3371 621 3443 expressam
644 3371 718 3416 esse
740 3344 1090 3443 interpunctionem:
1110 3347 1201 3420 illud
1226 3376 1345 3424 errore

275 3464 403 3538 ductus
423 3464 681 3564 pronunciavit.
728 3461 824 3550 Quid
841 3462 963 3535 enim?
986 3491 1108 3538 nonne
1125 3467 1251 3540 eodem
1267 3471 1345 3541 iure

274 3612 346 3687 quo
367 3584 562 3658 Rhenanus
583 3583 754 3656 Burerius
774 3608 839 3654 suo
869 3607 910 3661 ex
941 3583 1073 3657 iudicio
1092 3585 1346 3686 interpungere

272 3726 421 3806 poterat,
451 3703 551 3804 qnod
576 3723 747 3804 tanquam
770 3729 892 3776 veram
916 3702 995 3776 cod.
1015 3705 1133 3780 Murb.
1156 3709 1346 3783 lectionem

273 3826 463 3900 lectoribus
484 3821 700 3922 proposuit?
720 3866 772 3880 ·-
802 3821 929 3922 Neque
952 3824 1048 3898 alind
1064 3826 1260 3929 quidquam
1273 3831 1347 3930 agit

274 3943 542 4019 candidissimus
568 3945 630 4017 ille
654 3945 941 4045 catrtissimusquc
970 3948 1042 4040 vir,
1072 3977 1180 4048 quam
1209 3972 1249 4023 ut
1273 3981 1347 4026 una

273 4091 356 4136 cnm
386 4064 448 4135 illa
471 4064 602 4138 codicis
622 4066 774 4138 lectione
798 4066 904 4138 aliam
932 4093 1076 4167 quoque
1107 4089 1211 4172 atque
1238 4101 1346 4174 quam

316 4265 344 4342 ⁸)
363 4271 442 4340 Ques
470 4271 552 4326 flecti
581 4273 667 4326 verba
697 4269 765 4323 retia
798 4270 954 4326 confirmari
977 4269 1104 4328 rideatur
1133 4275 1183 4342 iis,
1213 4293 1283 4347 quac
1311 4278 1347 4332 cd

279 4405 282 4414 ι
375 4390 440 4446 pag.
456 4375 482 4431 9.
503 4377 582 4432 ν.15
606 4376 657 4430 Ed.
674 4392 715 4443 pr.
735 4372 803 4428 dixit
822 4375 960 4432 Burcriut.
