3048 5152
256 589 305 666 68

354 783 425 859 Pro
468 785 618 876 „leuius
647 786 826 876 nomen,“
863 783 970 882 quod
995 785 1187 860 Rhenanus
1219 790 1328 862 inter·

257 901 382 979 cidisse
417 924 536 1006 putat,
585 902 752 1004 equidem
784 904 921 976 malim:
970 907 1161 978 Ciceronis
1186 935 1330 982 nomen.

257 1020 430 1112 Quodn
461 1050 623 1099 censeam
647 1022 808 1097 adducor
837 1045 871 1096 ct
891 1050 1043 1097 numero
1073 1027 1264 1116 orationis,
1297 1049 1332 1102 et

255 1144 486 1218 similitudine
525 1143 720 1219 literarum.
803 1146 922 1218 Verba
969 1146 1160 1217 Ciceronis
1194 1173 1330 1220 nomen

257 1271 363 1338 cedet
390 1263 530 1364 plenius
565 1283 695 1336 sonant
726 1285 878 1364 suntque
910 1284 1087 1363 praeterea
1119 1266 1330 1339 concinnius

256 1384 366 1475 dicta,
406 1400 527 1480 utpote
567 1383 815 1482 respondentia
846 1385 915 1456 illis
953 1385 1144 1456 Ciceronis
1175 1389 1353 1459 landem

254 1505 403 1592 trohen
426 1500 633 1602 faciliusque
662 1531 771 1603 quam
795 1503 875 1575 illa:
910 1507 1049 1596 „duim
1073 1511 1231 1577 nomen“
1265 1531 1331 1605 po-

252 1641 396 1696 tuerunt
441 1650 524 1694 cum
561 1622 625 1696 illo
662 1624 930 1710 „hominum“
967 1645 1117 1722 propter
1156 1623 1328 1698 ductuum

138 1777 142 1784 ·
212 1783 221 1803 .
253 1741 518 1818 similitudinem
544 1740 716 1814 confundi
736 1743 854 1843 itaque
881 1744 1006 1818 omitti.

334 1881 577 1958 scribendum
604 1883 730 1982 igitur:

357 2062 384 2100 „
399 2012 592 2108 Citinsqne
618 2038 638 2081 e
659 2013 798 2082 mundo
820 2035 943 2103 genus
965 2014 1177 2101 hominnm,
1214 2039 1328 2109 quom

399 2132 591 2204 Ciceronis
615 2154 751 2201 nomen
777 2129 919 2200 cedet.“

249 2269 413 2345 Fortasse
435 2270 541 2342 etiam
561 2265 656 2339 illud
679 2272 693 2338 i
713 2267 783 2362 (in)
799 2267 875 2340 sive
900 2268 1005 2366 plane
1030 2295 1102 2342 non
1130 2291 1181 2343 est
1204 2270 1329 2344 aVel-

250 2390 312 2464 leii
335 2416 446 2464 manu
470 2389 670 2488 profectum
693 2386 766 2460 sive
792 2385 830 2458 in
854 2415 899 2458 ox
924 2388 1141 2486 augendum.

328 2529 450 2603 Verba
474 2548 591 2600 autem
610 2527 668 2598 illa
693 2528 885 2599 Ciceronis
909 2556 1044 2602 nomen
1057 2553 1205 2631 propter
1227 2560 1328 2632 prae·

250 2645 454 2728 cedentium
477 2649 603 2724 vocab.
628 2644 897 2720 similitudinem
924 2649 1196 2727 interciderunt.

851 2763 864 2794 ὰ

540 3067 789 3163 CAI’U'!
831 3065 1030 3166 xm

620 3231 688 3286 vot
700 3231 739 3301 11,
753 3229 797 3284 os.
822 3235 846 3298 s.
861 3232 950 3294 πω,

734 3364 844 3383 π

248 3479 427 3590 Primum
454 3514 622 3614 equidem
646 3517 682 3588 in
702 3518 818 3616 prima
847 3521 968 3618 capitis
995 3523 1216 3622 paragrapho
1244 3525 1323 3595 reti-

248 3636 388 3712 nuerim
419 3635 517 3734 quod
544 3636 581 3708 in
617 3635 740 3710 codice
766 3639 934 3711 exstitisse
964 3664 1186 3741 compertum
1216 3643 1321 3715 habe-

249 3757 345 3831 mns:
371 3756 651 3852 ,‚Africoqne.“
697 3755 813 3828 Tanto
837 3777 1039 3832 transcursu
1063 3767 1119 3852 (ut
1134 3763 1321 3836 Velleiano

250 3897 331 3950 utar
359 3877 487 3971 verbo)
533 3875 664 3948 dicenti
695 3877 778 3952 vitia
818 3898 1019 3974 temporum
1055 3908 1183 3978 parum
1219 3909 1323 3955 accu-

170 4023 174 4036 ·
250 4015 326 4070 rate
351 3993 581 4070 definitorum
607 3998 710 4069 lacile
741 3997 997 4073 condonantur.
1037 4001 1209 4100 Idemque
1233 4002 1321 4072 infra

251 4111 315 4208 (id
335 4111 445 4212 ¹quod
482 4115 556 4212 ipse
587 4116 727 4188 monuit
759 4116 1019 4214 Ruhnkenius)
1048 4141 1189 4220 tempus
1226 4121 1323 4193 resti·

249 4235 395 4310 tutionis
432 4232 593 4333 Pompeii
629 4254 667 4306 et
700 4236 941 4334 praefecturae
973 4238 1048 4338 *ipsi
1088 4239 1321 4314 demandatae

250 4381 327 4434 non
357 4353 437 4430 satis
465 4353 683 4454 distinguere
713 4353 864 4434 videtur.
922 4359 971 4432 At
998 4359 1203 4436 memineris
1229 4385 1320 4462 quae
