3044 5150
1207 591 1261 668 ’49

173 785 272 886 genti
308 805 397 857 esset
436 787 643 878 obstrictus,
685 783 883 856 Curionem
929 809 949 856 a
983 782 1132 858 Caesare
1169 787 1257 860 libe·

176 927 318 999 ratnm3
344 905 420 978 ille:
464 961 487 1000 „
499 906 725 998 Consimilis,
754 902 1063 1002 inquit‚‘mutatio
1085 907 1122 977 in
1149 904 1257 982 domo

177 1026 377 1098 Curionum
406 1027 554 1120 exstitit,
582 1025 763 1127 siquidem
790 1027 911 1096 lorum
938 1045 1098 1098 nostrum
1128 1049 1163 1098 et
1196 1057 1257 1128 pa-

173 1147 236 1218 tris
254 1147 499 1252 gravissimum
517 1149 752 1246 supercilium
773 1163 807 1216 et
827 1144 892 1216 filii
914 1151 1118 1218 sexcenties
1135 1169 1256 1220 sester-

174 1267 266 1338 tium
289 1267 378 1338 aeris
405 1269 510 1341 alieni
539 1271 693 1370 aspexit,
719 1287 943 1342 contractum
971 1265 1102 1339 famosa
1128 1270 1257 1344 iniuria

173 1388 380 1461 iuvenum“
396 1391 468 1487 ²⁰).
528 1389 650 1476 Quare
673 1416 786 1489 quum
811 1388 1013 1487 perplaceat
1040 1385 1153 1487 Lipsii
1179 1419 1257 1465 eor·

175 1509 299 1601 rectio,
328 1533 407 1580 eam
434 1535 480 1580 ue
504 1539 524 1580 a
550 1511 678 1584 Servio
706 1508 855 1609 quidem
880 1534 997 1604 neque
1023 1537 1041 1578 a
1064 1508 1256 1585 Scholiaste

174 1625 312 1699 Lucani
340 1654 497 1726 quorum
531 1649 682 1727 uterque
709 1655 729 1700 a
760 1625 982 1699 Ruhrr‘lrenio
1013 1650 1177 1702 evocatus
1207 1655 1258 1704 est

175 1745 342 1818 recedere
387 1744 648 1820 demonstrabo,
728 1748 808 1844 Age
841 1745 955 1838 enim,
990 1749 1139 1846 propius
1167 1754 1257 1848 aspi·

176 1868 245 1939 cias
284 1893 453 1939 numeros
491 1867 569 1938 illos
612 1893 631 1938 a
670 1865 888 1938 Ruhnkenio
929 1867 1071 1938 allatos:
1120 1875 1255 1964 decies,

177 1991 348 2061 XXVII
368 2009 404 2060 et
432 1991 641 2058 ‘sexcenties
665 1986 839 2081 (centies).
899 1981 1083 2058 Numerus
1110 2018 1258 2064 sexcen-

176 2113 248 2180 ties
281 2109 373 2182 notis
409 2109 652 2179 numeralibus
684 2107 836 2207 scriptus
866 2107 1039 2204 originem
1074 2107 1174 2181 dedit
1204 2112 1258 2184 illi

175 2229 395 2302 Scholiastae
411 2254 563 2300 numero
589 2231 721 2300 decies.
757 2228 811 2299 Ex
831 2228 926 2299 notis
941 2230 1109 2300 DCIES
1122 2231 1257 2305 factum

175 2369 228 2422 est
266 2349 449 2422 DECIES.
520 2348 630 2421 Haud
666 2349 817 2421 absimili
858 2349 997 2422 ratione
1037 2352 1256 2426 vocabulum

176 2473 382 2542 sexcenties
420 2469 468 2542 ita
500 2471 691 2569 scriptum:
727 2468 801 2562 vl,
828 2469 866 2540 C.
891 2470 966 2542 IES
1002 2473 1077 2566 (=
1100 2475 1257 2568 centies)

176 2610 362 2690 acceptum
405 2611 456 2662 est
497 2617 564 2692 pro
617 2594 733 2662 vicies
782 2592 945 2686 septies5
999 2595 1115 2664 vicies
1160 2595 1256 2668 enim

177 2728 297 2783 ortum
337 2730 388 2781 est
430 2737 472 2784 ex
516 2711 630 2783 tribus
674 2711 768 2782 notis
802 2709 889 2783 VIC
931 2712 1054 2810 (vic),
1103 2743 1256 2813 quarum

178 2829 269 2902 dnae
297 2829 503 2932 prioresV'l
528 2857 719 2929 perperam
743 2857 808 2929 pro
827 2830 939 2902 literis
964 2835 1005 2901 vi
1026 2831 1255 2908 haberentur.

176 2951 275 3048 Ergo
305 2947 455 3022 dubium
483 2977 559 3024 non
587 2972 654 3044 est,
685 2977 808 3022 omnes
833 2951 908 3020 illas
932 2951 1101 3022 lectiones
1128 2954 1256 3029 eodem

176 3070 390 3164 convenire,
422 3073 646 3172 eandemque
672 3071 718 3144 ad
742 3098 920 3143 summam
949 3069 1079 3145 redire.

218 3325 266 3401 ²⁰)
292 3334 425 3390 Confer-as
443 3325 478 3386 *et
502 3352 573 3403 quae
596 3318 711 3402 Lipsius¹
725 3335 783 3402 ipsc
807 3341 834 3386 ct
860 3351 932 3402 qnae
954 3335 1095 3388 Manutius
1113 3339 1257 3394 Heinsius·

291 3455 343 3506 qne
364 3437 399 3489 orl
422 3439 495 3490 hunc
513 3441 604 3495 locum
624 3439 758 3492 dixerunt.
