3048 5152
1163 548 1166 554 ’
1188 597 1262 674 iss

179 787 255 856 aad
285 809 333 856 ec
364 783 552 879 ὀιζηίιαιο
590 784 878 880 constantiaque
913 787 962 858 in*
993 787 1101 860 illam
1127 783 1260 862 conces

181 905 309 976 niente
334 904 643 999 arnplitudinem,
676 929 775 1000 quae
790 907 999 998 fortunam
1024 909 1105 980 eius.
1128 911 1185 980 ad
1205 909 1261 980 ui·

181 1026 316 1096 timum
353 1023 459 1094 uitae
491 1023 673 1093 comitata
709 1036 766 1094 est
802 1027 940 1097 diem.“
1009 1026 1262 1100 Conveniente

181 1142 252 1216 feci
281 1168 325 1216 cx
356 1169 390 1215 v.
415 1143 656 1236 conveniens,
682 1140 787 1214 sicuti
816 1142 893 1216 aliis
916 1169 1059 1244 quoque
1084 1146 1172 1220 locis
1191 1148 1264 1228 sub.

183 1263 237 1336 lit.
257 1292 278 1335 s
304 1275 341 1333 te
363 1281 397 1336 et
416 1265 491 1334 iter
510 1263 622 1336 latere
645 1253 806 1350 ascendi,
850 1288 880 1336 e.
898 1290 933 1361 g.
962 1267 1083 1338 victus
1104 1293 1201 1364 pare
1223 1267 1262 1339 in

183 1379 309 1460 codice
331 1381 456 1455 exstitit
482 1406 551 1481 pro
574 1384 716 1454 virtute
739 1383 901 1480 pariter.

581 1581 664 1681 Pag.
684 1593 738 1662 51.
765 1611 797 1658 v.
813 1597 866 1661 18.

260 1725 336 1822 ·11‚
360 1750 418 1822 ²9·
439 1727 494 1797 18.
533 1726 769 1822 prudentiae
797 1725 1004 1826 celeriora]
1052 1723 1264 1800 Militarium

184 1872 305 1922 rerum
328 1850 520 1940 doctrina,
541 1871 617 1918 non
635 1845 848 1942 prudentia
872 1843 1045 1920 excolitur
1067 1845 1262 1947 ingenium,

183 1953 295 2066 quare
333 1965 412 2038 fort.
456 1961 673 2063 legendum:
735 1963 873 2036 bonum
916 1978 954 2036 et
991 1990 1115 2062 capax
1156 1983 1263 2044 recta

184 2088 353 2159 discendi
395 2085 587 2181 ingenium
627 2086 815 2180 singulari
858 2110 987 2157 rerum
1037 2087 1263 2161 militarium

175 2209 387 2302 prudentia
410 2210 591 2280 excellere
615 2219 792 2300 curarat,
814 2219 856 2278 ut
883 2225 925 2280 et.
954 2234 989 2306 q.
1011 2232 1039 2278 s.
1088 2204 1224 2279 Literas
1242 2236 1264 2278 e

182 2330 295 2400 celeri
318 2326 429 2401 verbo
451 2329 640 2418 excellere,
667 2325 766 2422 quod
792 2344 897 2398 restat
924 2352 993 2397 cra
1018 2326 1130 2400 verbo
1154 2352 1262 2399 cura·

181 2461 247 2519 rat
261 2437 446 2545 ¹originem
469 2445 553 2522 darc
576 2446 749 2526 iusserim.
799 2447 845 2519 Et
868 2443 1008 2519 attende
1036 2444 1082 2518 ad
1106 2446 1167 2520 illa
1192 2473 1263 2520 ora

181 2581 218 2640 et
253 2594 280 2639 a
306 2566 485 2641 simillima
509 2565 581 2639 illis
618 2581 777 2639 curarat
808 2579 921 2660 uta,
962 2566 1073 2639 literis
1107 2565 1205 2641 hisce
1239 2591 1265 2640 u

182 2688 315 2760 sciibae
348 2685 485 2760 incuria
520 2683 719 2786 depravatis
748 2685 990 2759 nanciscimur
1026 2695 1264 2781 cararatata,

185 2833 295 2908 qnare
321 2807 409 2905 quid
436 2806 571 2880 facilius
594 2831 701 2902 quam
721 2833 754 2881 v.
783 2821 849 2878 rat
873 2804 1054 2880 excidisse.

600 3028 685 3128 Pag.
703 3039 755 3106 52.
776 3055 808 3101 v.
823 3041 854 3104 1.

280 3170 403 3260 lino.
426 3197 456 3244 1.
489 3172 666 3242 Etcscae.
714 3165 781 3240 Uti
805 3193 914 3267 supra
939 3193 984 3240 ex
1005 3197 1038 3243 v.
1070 3169 1265 3241 Taenaria

183 3289 287 3362 effeci
310 3293 342 3363 I.
369 3289 564 3382 Aenaria,
590 3287 638 3360 itn
663 3284 701 3360 h.
725 3286 749 3357 l.
771 3310 813 3357 ex
836 3311 870 3360 v.
894 3285 1060 3360 Etcacae
1081 3287 1263 3364 elicuerim

192 3413 235 3485 U.
267 3413 388 3483 Oscae
414 3410 438 3483 i.
458 3433 489 3483 e.
520 3407 613 3480 urbe
638 3409 768 3492 Oscae.

581 3629 664 3730 Pag.
683 3640 736 3709 53»
765 3656 798 3704 v.
813 3639 865 3708 14

281 3773 330 3868 II,
350 3779 406 3847 51.
426 3781 459 3846 4.
493 3784 535 3845 ut
560 3773 731 3867 exemplo
751 3783 870 3843 nocet.
919 3767 1080 3841 Persona
1108 3767 1145 3843 h.
1164 3771 1189 3843 l.
1215 3789 1267 3842 est

183 3895 415 3971 vernaculum
436 3891 733 3984 Perstinlichkeit,
758 3888 1033 3989 scripserimqne
1057 3903 1130 3978 „ut
1144 3915 1264 3963 exem·

176 4019 289 4116 plum
316 4019 467 4090 dccet.“
522 4010 650 4110 Neque
686 4007 782 4083 enim
815 4005 949 4082 dicitnr
978 4009 1016 4083 h.
1039 4011 1084 4104 1.‚
1115 4009 1167 4083 M.
1189 4011 1265 4084 An·

184 4135 277 4210 ionii
308 4133 477 4234 exemplo
506 4135 675 4205 effectum
701 4153 777 4204 esse
801 4149 843 4201 ut
865 4128 1039 4203 Gabinius
1070 4129 1187 4231 legem
1209 4150 1266 4202 tu·

120 4339 122 4344 ¹
183 4255 283 4350 lerit3
315 4253 378 4329 sed
401 4252 515 4330 verbis
540 4254 686 4324 Sed-
712 4253 817 4322 levat
838 4249 1043 4324 continetur
1066 4251 1174 4343 ratio,
1201 4277 1264 4322 cur

184 4374 357 4478 Pompeio
394 4372 541 4476 qudem
572 4373 652 4470 lege
685 4369 746 4445 illa
779 4369 916 4471 perlata
944 4368 1009 4444 nni
1043 4369 1119 4444 viro
1147 4394 1263 4469 paene
