3048 5152
267 573 316 644 92

266 803 317 817 -
356 758 395 832 id
427 743 527 856 *quod
569 756 779 832 Ruhnkeuii
825 783 912 859 pace
959 756 1110 832 dixerim
1143 799 1192 818 -
1223 781 1341 858 neque

267 877 493 954 aVelleiano
518 875 697 952 scribendi
722 903 849 976 genere
882 877 1056 950 abhorres
1112 877 1238 952 Oratio
1255 877 1341 954 Vel·

266 999 381 1072 leiaua
422 1024 496 1070 nou
535 1025 615 1070 raro
655 999 793 1097 poetica
826 1018 885 1071 est.
972 997 1007 1070 A
1035 1025 1198 1092 vocum,
1234 1025 1341 1097 quam

265 1119 451 1193 Acidalius
472 1118 609 1217 primus
637 1118 718 1191 fieri
742 1118 861 1212 iussit,
887 1119 1092 1192 traiectione
1117 1141 1244 1219 utpote
1267 1119 1342 1192 vio·

265 1238 430 1330 lentiori,
457 1264 575 1311 averso
596 1265 716 1310 sumus
746 1238 876 1311 enimc.
930 1238 1098 1311 Ceterum
1117 1240 1341 1312 Forcellinus

265 1359 368 1457 legit:
398 1362 579 1431 immersu
600 1363 680 1430 eius
699 1389 728 1433 a.
740 1387 770 1430 r.
821 1357 922 1445 Quae
950 1387 1061 1456 quum
1082 1362 1343 1460 proposuerim,

264 1476 355 1550 nihil
384 1498 501 1550 tamen
537 1478 703 1568 mirarer,
737 1479 766 1551 si
804 1506 910 1576 quem
937 1478 1102 1553 Labbeus
1131 1502 1168 1553 et
1199 1481 1342 1566 Merula

264 1597 393 1672 vidisse
417 1596 586 1671 dicuutur
612 1595 795 1691 codicem,
821 1621 905 1669 eum
930 1597 1080 1670 eandem
1102 1624 1184 1669 cum
1214 1597 1268 1670 ed.
1284 1626 1338 1697 pr.

263 1717 453 1790 lectionem
485 1718 658 1816 praebere
690 1716 942 1791 inveniremus.
1008 1716 1176 1818 Namque
1206 1719 1236 1792 si
1263 1746 1341 1792 ver-

263 1838 353 1909 bum
382 1864 473 1909 sane
515 1837 561 1910 ad
596 1856 705 1911 totam
738 1835 877 1935 periodi
911 1839 1123 1910 senteutiam
1161 1839 1341 1913 trahamus

262 1956 361 2028 haud
386 1957 433 2031 ita
457 1959 651 2030 molestum
675 1959 751 2029 fore
774 1955 924 2030 videtur.

364 2083 414 2151 At
444 2105 489 2150 ne
525 2076 614 2178 quid
650 2077 781 2177 reliqui
812 2079 961 2165 faciam,
1003 2080 1109 2151 etiam
1140 2081 1340 2154 versionem

220 2178 222 2184 Ι
262 2197 427 2272 lectionis
455 2225 553 2270 meae
579 2197 732 2270 adiicere
757 2197 870 2271 iuvat:
904 2200 1104 2297 Kleopatra
1132 2204 1217 2273 aber
1238 2222 1340 2274 setzte

262 2318 339 2391 sich
362 2363 414 2376 -
434 2317 556 2390 iudem
577 2319 626 2390 sie
652 2317 731 2390 ihre
754 2317 928 2393 Wachter
952 2349 997 2391 zu
1020 2321 1191 2394 tauscheu
1213 2321 1341 2399 wusste

262 2479 310 2493 -
337 2439 416 2510 eine
439 2436 565 2511 Natter
589 2467 653 2533 an,
682 2438 757 2511 und
780 2442 896 2533 starh,
922 2441 1103 2539 gebisseu,
1128 2469 1199 2517 von
1227 2443 1341 2518 ihrem

263 2557 398 2630 Giftef‘
461 2557 571 2643 Quod
598 2559 732 2631 Goettii
763 2564 1000 2635 cummaxime
1034 2590 1155 2638 caussa
1185 2566 1342 2667 ascripsi,

261 2677 498 2776 interpretari:
535 2678 644 2772 „Der
673 2679 870 2780 Kleopatra
899 2683 1028 2782 gelang
1057 2710 1113 2779 es,
1147 2690 1228 2759 sicli
1260 2689 1339 2762 eine

262 2793 389 2869 Natter
413 2799 569 2894 briugen
589 2825 638 2870 au
662 2801 840 2893 lassen“;
869 2801 968 2900 quod
994 2824 1083 2876 esset
1106 2810 1241 2894 alluta,
1265 2833 1340 2880 nou

262 2921 372 2990 illata
398 2925 544 3017 aspide.

553 3283 801 3374 CAPUT
845 3283 1049 3380 mv.

582 3446 649 3500 ven.
659 3447 696 3515 11,
708 3443 752 3500 ss.
766 3445 791 3502 2.
808 3445 895 3521 p.107
908 3450 947 3504 u.
957 3441 1040 3505 orsu.
1077 3423 1080 3432 ‘

250 3604 252 3610 ·
339 3597 496 3679 „Quippe
513 3599 601 3659 aaa&
621 3601 747 3680 anapesti
765 3600 850 3662 obrui
868 3622 952 3683 perae
970 3612 1172 3668 auntenuu.“
1217 3614 1269 3668 Ed.
1299 3631 1341 3684 pr.

261 3722 288 3776 p.
310 3703 359 3762 49.
1270 3697 1275 3705 Κ

750 3831 858 3840 ——

750 3841 859 3850 -ι--ι

261 3944 487 4057 Genitivum
514 3985 654 4085 angusti
680 3986 769 4060 clavi
795 3989 838 4060 ab
869 3987 1036 4062 omnihus
1060 3991 1134 4063 fere
1154 3991 1340 4091 impugna·

257 4120 336 4176 tum
363 4129 431 4201 ego
462 4132 536 4178 nou
564 4107 593 4179 is
621 4133 701 4178 sum
733 4107 797 4206 qui
828 4109 927 4182 solus
954 4110 1048 4184 tueri
1073 4139 1192 4186 coner.
1240 4114 1340 4213 Ergo

257 4219 349 4296 nihil
379 4250 525 4318 moror,
557 4224 587 4298 si
617 4225 712 4299 forte
743 4227 971 4329 expellendus
1003 4230 1071 4326 sit,
1118 4233 1172 4306 siu
1204 4233 1337 4328 minus,

258 4345 404 4418 sortasse
426 4345 554 4422 fefellit
578 4346 767 4424 librarium
792 4349 934 4451 siguum
948 4378 1037 4452 ppu
1057 4353 1079 4427 i.
1098 4379 1127 4428 e.
1145 4380 1336 4451 purpura.
