3044 5150
1211 604 1257 678 21

194 851 197 858 .
297 792 401 885 „Uti
419 799 628 886 appareat,
647 795 833 886 papalum
855 793 903 868 R.
929 811 1036 866 asum
1061 795 1259 867 dictatoris

298 909 358 1006 (ut
386 938 493 1011 supra
524 911 792 1010 usurpationem
819 910 1017 1002 dictatoris)
1042 927 1131 984 ante
1155 926 1258 984 metu

298 1034 551 1120 desiderasse,
589 1045 669 1104 tum
691 1035 792 1106 illius
814 1037 933 1106 solum
954 1044 1185 1128 potestatem
1210 1035 1259 1106 ti-

296 1153 477 1225 muisse.“
771 1173 775 1180 '
1257 1228 1261 1240 ¹

191 1263 290 1354 Quae
317 1270 347 1342 si
371 1298 452 1346 vera
476 1293 582 1366 sunt,
610 1273 750 1346 Velleio
777 1292 939 1346 censente
965 1273 1146 1371 apparuit,
1174 1291 1258 1344 eant

189 1385 271 1460 dem
300 1388 532 1485 dictaturam,
570 1418 662 1491 quae
693 1413 800 1476 antea,
819 1392 996 1465 bellorum
1024 1411 1180 1466 metuet
1211 1415 1266 1464 ne·

187 1507 276 1606 quid
302 1508 500 1586 detrimenti
526 1533 666 1611 caperet
692 1540 808 1612 resp,⁴
838 1535 1006 1613 usurpata
1044 1511 1175 1602 fuerit,
1216 1510 1255 1582 in

187 1627 325 1702 Sullam
358 1657 480 1704 rerum
504 1631 654 1728 potitum
680 1651 825 1728 propter
854 1631 991 1730 ipsum,
1022 1658 1095 1731 quo
1121 1630 1258 1702 animos

189 1750 385 1849 perculerit
420 1751 585 1822 timorem
623 1749 790 1822 collatam
823 1775 917 1842 esse,
964 1772 1004 1825 ut
1044 1777 1136 1852 quae
1171 1750 1267 1822 anti·'

122 1935 124 1939 .
192 1869 312 1968 quitus
344 1870 469 1942 futuris
497 1870 597 1944 malis
636 1867 774 1942 medela
809 1867 962 1941 adhibite
994 1871 1055 1964 sit,
1094 1899 1134 1944 ea
1162 1896 1260 1942 nunc

191 1987 262 2060 iam
300 1990 500 2062 necessitate
538 1989 742 2090 impositum
778 1988 1028 2064 dominationis
1062 1991 1100 2063 in
1135 1991 1260 2088 iugum

192 2107 327 2182 abierit.

295 2228 482 2325 Superest,
531 2245 571 2300 ut
622 2225 811 2300 ostendam
847 2225 1125 2304 Rubnleuianas
1174 2255 1262 2303 con·

188 2345 338 2422 lecturas
364 2349 528 2422 facilitate
549 2348 710 2446 superari
734 2374 754 2420 a
780 2347 918 2419 nostris.

294 2467 417 2554 Quum
448 2484 517 2541 aut
548 2469 585 2541 in
628 2468 733 2542 codd.
768 2469 812 2540 sit
844 2463 913 2565 ὦ,
956 2484 1046 2541 ante
1078 2496 1164 2545 vero
1194 2469 1258 2557 ἷιῖι,

189 2586 479 2679 elucet‚'lacilius
493 2586 593 2681 haec,
621 2613 726 2685 quam
745 2585 796 2660 ὦ
824 2605 858 2660 et
877 2591 985 2661 haud
1008 2617 1033 2662 s.
1060 2593 1156 2668 haut
1179 2617 1261 2690 per·

188 2707 318 2780 mutari
338 2708 493 2805 potuisse
513 2711 560 2797 9).

290 2825 448 2925 Syllabas
474 2830 583 2897 Talia
606 2834 651 2900 Co
677 2827 726 2900 ita
748 2844 842 2901 ortas
869 2845 1035 2925 putamus
1059 2853 1101 2900 ex
1128 2823 1263 2902 verbis:

193 2963 300 3040 „tum
328 2944 397 3016 illis
428 2947 580 3017 solum.“
651 2950 748 3019 Tam
781 2947 887 3020 scribi
928 2948 1017 3020 solet
1049 2975 1117 3046 per
1148 2949 1262 3022 solam

190 3067 241 3139 lit.
275 3079 326 3159 t‚.
347 3064 682 3163 superimpendente
723 3066 862 3145 lineola.
916 3067 970 3140 Ita
1007 3068 1102 3141 nacti
1140 3083 1266 3140 sumus¹

190 3185 296 3260 baec:
318 3189 427 3280 tilli9‚
453 3211 540 3281 quae
559 3211 640 3258 ecce
657 3211 763 3283 quam
785 3185 912 3260 similia
929 3188 999 3260 sint
1013 3189 1123 3260 verbo
1138 3175 1260 3276 Talia,

190 3307 332 3381 lineolis
367 3324 401 3379 et
427 3333 535 3405 supra
570 3325 604 3379 et
630 3307 720 3380 infra
753 3333 892 3380 versum
925 3309 1138 3381 exstantibus
1165 3327 1266 3383 veto-¹

189 3445 275 3501 state
307 3426 441 3500 deletis.
509 3427 564 3500 Ex
600 3427 708 3500 literis
737 3430 770 3497 il
790 3455 834 3522 u,
869 3453 911 3500 ex
943 3429 1045 3528 signo
1062 3455 1140 3524 90
1173 3430 1263 3502 facta

189 3573 281 3641 esse,
306 3547 406 3621 facile
430 3547 574 3645 quisque
599 3545 778 3620 concedet.

288 3666 341 3738 Ex
394 3667 504 3740 literis
549 3694 571 3738 o
619 3668 672 3738 00
720 3666 956 3740 Ruhnkeuius
1004 3668 1119 3740 effecit
1163 3672 1266 3766 oci03

194 3784 297 3856 nobis
324 3789 389 3858 sub
414 3786 547 3889 syllaba
571 3787 623 3857 Co
650 3786 758 3860 latere
783 3784 924 3859 videtur
949 3811 982 3857 v.
1008 3788 1136 3856 solum.
1169 3785 1264 3860 Con·

191 3902 363 3999 templare
406 3907 500 3979 enim
541 3906 643 3978 verbi
685 3905 779 3978 illius
822 3923 944 3978 notam
985 3902 1264 4002 diplomaticam:

192 4046 316 4094 noune
344 4023 510 4098 facillime
542 4026 628 4099 oriri
653 4042 795 4125 poterat
818 4024 919 4098 litera
944 4024 1135 4100 maiuscula
1164 4030 1199 4102 C
1222 4055 1265 4104 ex

189 4141 249 4214 illa
274 4163 359 4215 cum
383 4143 484 4240 apice
510 4145 702 4220 coniuncta
728 4145 778 4218 lit.
796 4141 849 4242 fl
867 4187 919 4202 -

231 4397 264 4475 ο)
284 4402 438 4459 Pertusa
455 4417 556 4473 qutun
574 4403 661 4459 ocati·
681 4421 764 4477 quem
783 4406 855 4462 libro
874 4406 1050 4462 mamimus
1067 4406 1202 4460 tabulam.
