3044 5150
270 577 315 650 12

300 767 304 774 ’
367 761 493 864 Neque
530 763 624 835 enim
655 761 823 861 quamvis
845 761 1015 858 renitente
1052 759 1202 832 Burerio
1234 757 1337 846 dubi·

267 885 386 956 tarunt
409 881 497 955 haec
521 883 559 954 in
585 903 717 954 textum
741 881 916 980 recipere:
953 881 991 951 et
1018 881 1147 951 tabula
1176 892 1338 952 testatur

268 1029 383 1074 aerea
397 1005 503 1074 intra
521 1006 664 1072 aedem
688 1003 839 1094 Deinde
857 1026 948 1072 coss.
994 997 1043 1070 At
1058 1024 1145 1071 vero
1169 1026 1243 1072 non
1258 999 1336 1074 vili-

265 1124 458 1225 pendenda
482 1144 583 1195 erant
605 1121 763 1214 Burerii:
800 1115 832 1212 tls
855 1119 1010 1192 crabttla
1028 1133 1190 1190 testatur
1212 1146 1338 1197 aerea.

267 1248 419 1316 Interea
451 1245 595 1314 deinde.
627 1233 733 1313 ¹Hoc
768 1238 864 1310 euim
904 1239 969 1310 sub
998 1238 1076 1309 luto
1103 1237 1187 1310 latet
1221 1235 1338 1332 (mihi

267 1362 393 1449 crede)
429 1387 532 1434 verae
571 1359 751 1450 lectionis,
788 1379 827 1429 ut
865 1358 912 1428 ita
947 1356 1086 1448 dicam,
1136 1357 1336 1457 margarita.

267 1480 339 1556 Sed
377 1481 580 1581 priusquam
626 1477 718 1550 hanc
756 1477 928 1576 expiscari
956 1503 1146 1568 conemur,
1186 1503 1338 1577 perpen-

267 1601 392 1673 damus
417 1624 556 1672 necesse
590 1618 655 1689 est,
688 1599 819 1698 quibus
851 1597 895 1670 de
923 1600 1050 1670 caussis
1085 1597 1240 1690 (etiamsi
1269 1595 1337 1670 dis·

266 1720 409 1794 cesseris
438 1721 482 1791 ab
511 1715 716 1788 auctoritate
753 1737 785 1786 et
811 1715 944 1790 codicis
972 1737 1006 1788 et
1032 1715 1173 1788 Burerii
1201 1741 1338 1788 summa

266 1837 422 1937 alioquin
436 1835 509 1908 fide
526 1834 734 1932 dignorum)
750 1832 995 1906 dimittendam
1012 1860 1156 1934 prorsus
1171 1860 1336 1934 spernen-

266 1957 420 2057 damque
460 1981 664 2030 censeamus
698 1954 842 2026 Krausii
876 1955 1099 2054 aliorumque
1137 1955 1337 2031 lectionem.

263 2077 388 2178 Itaque
415 2075 502 2176 quid
530 2075 597 2148 sibi
620 2074 696 2149 vult
720 2076 838 2146 tabula
862 2075 926 2147 ista
954 2100 1054 2146 aerea
1082 2075 1175 2147 intra
1199 2074 1336 2168 aedem,

263 2203 304 2272 'ut
319 2201 457 2282 volunt,
483 2194 644 2270 servata?
682 2195 789 2267 Estne
805 2195 985 2293 inscriptio
1004 2193 1132 2267 aerea?
1174 2194 1337 2268 Goettius

264 2340 359 2392 certe
385 2317 429 2390 V.
449 2317 494 2390 D.
518 2315 641 2387 vertit:
672 2314 785 2408 „Eine
801 2314 930 2388 eherne
952 2313 1089 2387 Tafel.“
1134 2317 1277 2415 Ergone
1303 2297 1337 2388 et

263 2437 444 2534 inscriptio
460 2435 531 2526 illa,
554 2432 647 2532 posti
669 2435 794 2532 templi
815 2437 926 2528 affixa,
941 2437 1061 2508 tabula
1084 2437 1160 2509 est?
1194 2436 1336 2508 Etenim

265 2559 456 2652 affiguntur
474 2554 619 2626 nonnisi
635 2555 785 2628 tabulae.
822 2555 943 2627 Verba
962 2579 1094 2650 autem,
1119 2583 1209 2657 quae
1229 2558 1337 2655 vulgo

265 2677 444 2764 feruntur,
459 2675 564 2744 intra
580 2676 715 2746 aedem
730 2693 962 2770 opponuntur
978 2674 1062 2747 illis:
1085 2681 1214 2771 templi
1221 2678 1336 2772 posti.

262 2795 383 2893 Atque
408 2816 547 2882 nonne,
569 2791 599 2862 si
622 2790 712 2864 haec
735 2818 857 2892 reapse
882 2794 1064 2867 Velleiaua
1091 2815 1223 2887 essent,
1257 2820 1334 2867 rem

263 2912 558 3013 simplicissimam
574 2912 773 2984 necessario
784 2913 965 2985 verbosius
981 2913 1222 3012 exposuisset?
1244 2911 1337 2987 Mihi

264 3033 410 3133 quidem
446 3031 536 3104 nihil
574 3031 718 3122 clarius,
778 3060 886 3132 quam
926 3058 1008 3104 eum
1044 3033 1143 3106 huuc
1185 3035 1222 3108 in
1259 3059 1336 3106 mo·

264 3151 352 3225 dum
390 3179 633 3250 expressorum
665 3151 769 3224 fuisse
803 3153 1013 3225 senteutiam
1047 3154 1162 3226 illam:
1218 3154 1336 3226 Huius

263 3291 382 3370 gratae
408 3271 589 3368 religionis
614 3271 821 3343 memoriam
852 3294 885 3374 et
917 3255 1043 3373 templi
1067 3275 1159 3373 posti
1184 3295 1219 3346 et
1244 3275 1336 3346 intus

262 3394 384 3466 affixae
407 3411 577 3463 testantur
601 3391 858 3492 inscriptiones.

360 3509 432 3586 Sed
462 3510 556 3585 dicet
591 3513 737 3584 fortasse
774 3511 968 3612 quispiam:
1002 3513 1160 3586 tabulam
1193 3539 1332 3586 aeream

261 3661 335 3708 non
366 3632 634 3730 inscriptionem
660 3658 750 3724 esse,
782 3631 845 3704 sed
866 3629 1020 3716 tabulam
1049 3659 1187 3732 pugnae
1211 3633 1335 3732 imagi·

260 3779 344 3848 nem
374 3754 594 3825 referentem.
656 3750 768 3837 Quod
799 3753 971 3852 quamvis
988 3754 1134 3826 minime
1161 3754 1335 3853 negarim,

262 3874 459 3972 explicetur
485 3895 624 3964 tamen,
651 3897 803 3972 quaeso,
832 3872 919 3973 quid
935 3874 1000 3946 sibi
1016 3874 1100 3946 velit
1125 3867 1336 3947 adiectivum

260 3971 405 4063 neren?
422 4037 473 4050 --
522 3991 682 4064 Tabulae
711 4017 831 4085 aereae
860 3992 980 4063 etiam
998 3991 1094 4092 apud
1124 3991 1336 4065 Suetonium

259 4110 387 4210 (Vesp.
410 4115 468 4206 8.)
514 4130 838 4184 commemorantur
870 4132 1055 4211 tamqnam
1090 4111 1336 4212 inscriptiones

260 4231 392 4332 quippe
422 4231 549 4330 quibus
573 4229 740 4305 contenta
763 4227 894 4306 fuerint
906 4231 999 4306 scu
1020 4254 1056 4307 et
1076 4233 1267 4334 plebiscita.
1285 4275 1337 4290 ·-··

259 4349 380 4436 Quare
400 4349 445 4423 de
467 4353 586 4425 tabula
602 4377 702 4426 aerea
720 4353 910 4453 anaglypta
934 4351 993 4429 rix
1010 4354 1078 4428 erit
1095 4352 1335 4456 cogitandum
