<?xml version="1.0" encoding="UTF-8"?>
<!DOCTYPE html PUBLIC "-//W3C//DTD XHTML 1.0 Transitional//EN"
    "http://www.w3.org/TR/xhtml1/DTD/xhtml1-transitional.dtd">
<html xmlns="http://www.w3.org/1999/xhtml" xml:lang="en" lang="en">
 <head>
  <title>
</title>
<meta http-equiv="Content-Type" content="text/html;charset=utf-8" />
  <meta name='ocr-system' content='tesseract 3.04.00' />
  <meta name='ocr-capabilities' content='ocr_page ocr_carea ocr_par ocr_line ocrx_word'/>
</head>
<body>
  <div class='ocr_page' id='page_1' title='image "./locivelleiani00laurgoog_0014.png"; bbox 0 0 3044 5150; ppageno 0'>
   <div class='ocr_carea' id='block_1_1' title="bbox 1236 620 1277 678">
    <p class='ocr_par' dir='ltr' id='par_1_1' title="bbox 1236 620 1277 678">
     <span class='ocr_line' id='line_1_1' title="bbox 1236 620 1277 678; baseline 0 0"><span class='ocrx_word' id='word_1_1' title='bbox 1236 620 1277 678; x_wconf 82' lang='lat' dir='ltr'><strong>lx</strong></span> 
     </span>
    </p>
   </div>
   <div class='ocr_carea' id='block_1_2' title="bbox 107 785 1280 1796">
    <p class='ocr_par' dir='ltr' id='par_1_2' title="bbox 107 785 1280 1796">
     <span class='ocr_line' id='line_1_2' title="bbox 107 785 1277 886; baseline 0.001 -23"><span class='ocrx_word' id='word_1_2' title='bbox 107 863 113 874; x_wconf 63' lang='lat'><em>„</em></span> <span class='ocrx_word' id='word_1_3' title='bbox 207 790 361 886; x_wconf 84' lang='lat' dir='ltr'><strong>scripta,</strong></span> <span class='ocrx_word' id='word_1_4' title='bbox 395 789 525 886; x_wconf 71' lang='lat' dir='ltr'><strong>pagina</strong></span> <span class='ocrx_word' id='word_1_5' title='bbox 564 786 673 861; x_wconf 88' lang='lat' dir='ltr'><strong>altera</strong></span> <span class='ocrx_word' id='word_1_6' title='bbox 710 789 873 886; x_wconf 73' lang='lat' dir='ltr'><strong>exposuit</strong></span> <span class='ocrx_word' id='word_1_7' title='bbox 911 785 1117 864; x_wconf 64' lang='lat' dir='ltr'><strong>limenas</strong></span> <span class='ocrx_word' id='word_1_8' title='bbox 1184 789 1277 884; x_wconf 78' lang='lat' dir='ltr'><strong>Qui:</strong></span> 
     </span>
     <span class='ocr_line' id='line_1_3' title="bbox 209 900 1277 1011; baseline 0.004 -37"><span class='ocrx_word' id='word_1_9' title='bbox 209 900 437 999; x_wconf 82' lang='lat' dir='ltr'><strong>„Equidem,</strong></span> <span class='ocrx_word' id='word_1_10' title='bbox 459 902 585 1000; x_wconf 85' lang='lat' dir='ltr'><strong>inquit,</strong></span> <span class='ocrx_word' id='word_1_11' title='bbox 618 901 746 975; x_wconf 88' lang='lat' dir='ltr'><strong>abhinc</strong></span> <span class='ocrx_word' id='word_1_12' title='bbox 775 926 899 994; x_wconf 85' lang='lat' dir='ltr'><strong>annos,</strong></span> <span class='ocrx_word' id='word_1_13' title='bbox 927 916 968 976; x_wconf 91' lang='lat' dir='ltr'><strong>nt</strong></span> <span class='ocrx_word' id='word_1_14' title='bbox 993 915 1092 1002; x_wconf 82' lang='lat' dir='ltr'><strong>puto,</strong></span> <span class='ocrx_word' id='word_1_15' title='bbox 1121 905 1277 1011; x_wconf 68' lang='lat' dir='ltr'><strong>qninffne</strong></span> 
     </span>
     <span class='ocr_line' id='line_1_4' title="bbox 209 1015 1278 1116; baseline 0.001 -27"><span class='ocrx_word' id='word_1_16' title='bbox 209 1043 322 1116; x_wconf 84' lang='lat' dir='ltr'><strong>„cum</strong></span> <span class='ocrx_word' id='word_1_17' title='bbox 352 1016 504 1112; x_wconf 86' lang='lat' dir='ltr'><strong>primum</strong></span> <span class='ocrx_word' id='word_1_18' title='bbox 539 1015 633 1089; x_wconf 88' lang='lat' dir='ltr'><strong>hunc</strong></span> <span class='ocrx_word' id='word_1_19' title='bbox 670 1019 686 1110; x_wconf 90' lang='lat'>(</span> <span class='ocrx_word' id='word_1_20' title='bbox 693 1015 875 1113; x_wconf 89' lang='lat' dir='ltr'><strong>codicem)</strong></span> <span class='ocrx_word' id='word_1_21' title='bbox 904 1018 941 1090; x_wconf 80' lang='lat' dir='ltr'><strong>ira</strong></span> <span class='ocrx_word' id='word_1_22' title='bbox 968 1015 1197 1092; x_wconf 79' lang='lat' dir='ltr'><strong>Mnrhacensi</strong></span> <span class='ocrx_word' id='word_1_23' title='bbox 1224 1017 1278 1092; x_wconf 91' lang='lat' dir='ltr'><strong>bi·</strong></span> 
     </span>
     <span class='ocr_line' id='line_1_5' title="bbox 207 1127 1278 1231; baseline 0.004 -29"><span class='ocrx_word' id='word_1_24' title='bbox 207 1127 415 1230; x_wconf 84' lang='lat' dir='ltr'><strong>„hiiotheca</strong></span> <span class='ocrx_word' id='word_1_25' title='bbox 450 1131 675 1228; x_wconf 87' lang='lat' dir='ltr'><strong>reperissem,</strong></span> <span class='ocrx_word' id='word_1_26' title='bbox 713 1140 748 1202; x_wconf 93' lang='lat' dir='ltr'><strong>et</strong></span> <span class='ocrx_word' id='word_1_27' title='bbox 781 1131 936 1202; x_wconf 84' lang='lat' dir='ltr'><strong>viderem</strong></span> <span class='ocrx_word' id='word_1_28' title='bbox 970 1142 1043 1203; x_wconf 90' lang='lat' dir='ltr'><strong>tam</strong></span> <span class='ocrx_word' id='word_1_29' title='bbox 1076 1131 1278 1231; x_wconf 73' lang='lat' dir='ltr'><strong>prodigiose</strong></span> 
     </span>
     <span class='ocr_line' id='line_1_6' title="bbox 207 1235 1278 1342; baseline 0.002 -26"><span class='ocrx_word' id='word_1_30' title='bbox 207 1235 465 1342; x_wconf 71' lang='lat' dir='ltr'><strong>„corru&#39;ptum,</strong></span> <span class='ocrx_word' id='word_1_31' title='bbox 493 1256 533 1316; x_wconf 89' lang='lat' dir='ltr'><strong>nt</strong></span> <span class='ocrx_word' id='word_1_32' title='bbox 560 1245 675 1316; x_wconf 88' lang='lat' dir='ltr'><strong>omnia</strong></span> <span class='ocrx_word' id='word_1_33' title='bbox 703 1246 888 1337; x_wconf 70' lang='lat' dir='ltr'><strong>restituere</strong></span> <span class='ocrx_word' id='word_1_34' title='bbox 915 1269 987 1316; x_wconf 93' lang='lat' dir='ltr'><strong>non</strong></span> <span class='ocrx_word' id='word_1_35' title='bbox 1016 1244 1110 1318; x_wconf 82' lang='lat' dir='ltr'><strong>foret</strong></span> <span class='ocrx_word' id='word_1_36' title='bbox 1135 1245 1278 1318; x_wconf 88' lang='lat' dir='ltr'><strong>hnmani</strong></span> 
     </span>
     <span class='ocr_line' id='line_1_7' title="bbox 205 1355 1278 1463; baseline 0.005 -34"><span class='ocrx_word' id='word_1_37' title='bbox 205 1360 389 1457; x_wconf 71' lang='lat' dir='ltr'><strong>„ingenii,</strong></span> <span class='ocrx_word' id='word_1_38' title='bbox 422 1370 655 1459; x_wconf 81' lang='lat' dir='ltr'><strong>properanter</strong></span> <span class='ocrx_word' id='word_1_39' title='bbox 683 1385 727 1430; x_wconf 85' lang='lat' dir='ltr'><strong>ac</strong></span> <span class='ocrx_word' id='word_1_40' title='bbox 754 1355 943 1454; x_wconf 80' lang='lat' dir='ltr'><strong>infeliciter</strong></span> <span class='ocrx_word' id='word_1_41' title='bbox 972 1361 1017 1432; x_wconf 85' lang='lat' dir='ltr'><strong>ab</strong></span> <span class='ocrx_word' id='word_1_42' title='bbox 1047 1361 1160 1433; x_wconf 81' lang='lat' dir='ltr'><strong>amico</strong></span> <span class='ocrx_word' id='word_1_43' title='bbox 1194 1385 1278 1463; x_wconf 73' lang='lat' dir='ltr'><strong>qaia·</strong></span> 
     </span>
     <span class='ocr_line' id='line_1_8' title="bbox 205 1471 1278 1572; baseline 0.003 -28"><span class='ocrx_word' id='word_1_44' title='bbox 205 1475 322 1571; x_wconf 84' lang='lat' dir='ltr'><strong>„dam</strong></span> <span class='ocrx_word' id='word_1_45' title='bbox 350 1475 560 1572; x_wconf 73' lang='lat' dir='ltr'><strong>descriptam</strong></span> <span class='ocrx_word' id='word_1_46' title='bbox 587 1471 814 1570; x_wconf 89' lang='lat' dir='ltr'><strong>premendam</strong></span> <span class='ocrx_word' id='word_1_47' title='bbox 840 1472 944 1570; x_wconf 90' lang='lat' dir='ltr'><strong>plane</strong></span> <span class='ocrx_word' id='word_1_48' title='bbox 977 1473 1183 1565; x_wconf 80' lang='lat' dir='ltr'><strong>censebam,</strong></span> <span class='ocrx_word' id='word_1_49' title='bbox 1217 1473 1278 1548; x_wconf 89' lang='lat' dir='ltr'><strong>do-</strong></span> 
     </span>
     <span class='ocr_line' id='line_1_9' title="bbox 204 1584 1278 1687; baseline 0.006 -31"><span class='ocrx_word' id='word_1_50' title='bbox 204 1611 301 1684; x_wconf 85' lang='lat' dir='ltr'><strong>„nec</strong></span> <span class='ocrx_word' id='word_1_51' title='bbox 330 1585 498 1660; x_wconf 50' lang='lat' dir='ltr'><strong>melioris¹</strong></span> <span class='ocrx_word' id='word_1_52' title='bbox 517 1585 620 1684; x_wconf 88' lang='lat' dir='ltr'><strong>nohis</strong></span> <span class='ocrx_word' id='word_1_53' title='bbox 649 1584 781 1659; x_wconf 88' lang='lat' dir='ltr'><strong>codicis</strong></span> <span class='ocrx_word' id='word_1_54' title='bbox 809 1585 910 1660; x_wconf 83' lang='lat' dir='ltr'><strong>tieret</strong></span> <span class='ocrx_word' id='word_1_55' title='bbox 938 1589 1055 1684; x_wconf 89' lang='lat' dir='ltr'><strong>copia,</strong></span> <span class='ocrx_word' id='word_1_56' title='bbox 1088 1613 1193 1687; x_wconf 81' lang='lat' dir='ltr'><strong>quem</strong></span> <span class='ocrx_word' id='word_1_57' title='bbox 1222 1613 1278 1662; x_wconf 91' lang='lat' dir='ltr'><strong>ae·</strong></span> 
     </span>
     <span class='ocr_line' id='line_1_10' title="bbox 206 1696 1280 1796; baseline 0.002 -24"><span class='ocrx_word' id='word_1_58' title='bbox 206 1726 398 1796; x_wconf 79' lang='lat' dir='ltr'><strong>„ceperam</strong></span> <span class='ocrx_word' id='word_1_59' title='bbox 433 1698 555 1771; x_wconf 86' lang='lat' dir='ltr'><strong>haberi</strong></span> <span class='ocrx_word' id='word_1_60' title='bbox 591 1696 795 1772; x_wconf 88' lang='lat' dir='ltr'><strong>Mediolani.</strong></span> <span class='ocrx_word' id='word_1_61' title='bbox 852 1701 988 1774; x_wconf 83' lang='lat' dir='ltr'><strong>Verum</strong></span> <span class='ocrx_word' id='word_1_62' title='bbox 1025 1700 1110 1773; x_wconf 94' lang='lat' dir='ltr'><strong>dum</strong></span> <span class='ocrx_word' id='word_1_63' title='bbox 1146 1703 1280 1775; x_wconf 80' lang='lat' dir='ltr'><strong>frustra</strong></span> 
     </span>
    </p>
   </div>
   <div class='ocr_carea' id='block_1_3' title="bbox 206 1814 1280 1910">
    <p class='ocr_par' dir='ltr' id='par_1_3' title="bbox 206 1814 1280 1910">
     <span class='ocr_line' id='line_1_11' title="bbox 206 1814 1280 1910; baseline 0.006 -28"><span class='ocrx_word' id='word_1_64' title='bbox 206 1814 306 1910; x_wconf 85' lang='lat' dir='ltr'><strong>„iam</strong></span> <span class='ocrx_word' id='word_1_65' title='bbox 341 1825 414 1886; x_wconf 84' lang='lat' dir='ltr'><strong>tres</strong></span> <span class='ocrx_word' id='word_1_66' title='bbox 448 1837 558 1886; x_wconf 90' lang='lat' dir='ltr'><strong>annos</strong></span> <span class='ocrx_word' id='word_1_67' title='bbox 598 1823 843 1910; x_wconf 83' lang='lat' dir='ltr'><strong>expectamus,</strong></span> <span class='ocrx_word' id='word_1_68' title='bbox 880 1814 1019 1886; x_wconf 89' lang='lat' dir='ltr'><strong>interim</strong></span> <span class='ocrx_word' id='word_1_69' title='bbox 1058 1814 1280 1890; x_wconf 89' lang='lat' dir='ltr'><strong>doctissimus</strong></span> 
     </span>
    </p>
   </div>
   <div class='ocr_carea' id='block_1_4' title="bbox 51 1925 1279 2026">
    <p class='ocr_par' dir='ltr' id='par_1_4' title="bbox 51 1925 1279 2026">
     <span class='ocr_line' id='line_1_12' title="bbox 51 1925 1279 2026; baseline -0.024 -11"><span class='ocrx_word' id='word_1_70' title='bbox 51 2007 55 2015; x_wconf 95' lang='lat'>.</span> <span class='ocrx_word' id='word_1_71' title='bbox 206 1929 390 2026; x_wconf 81' lang='lat' dir='ltr'><strong>„quisque</strong></span> <span class='ocrx_word' id='word_1_72' title='bbox 416 1953 551 1999; x_wconf 88' lang='lat' dir='ltr'><strong>meeum</strong></span> <span class='ocrx_word' id='word_1_73' title='bbox 579 1925 795 2023; x_wconf 85' lang='lat' dir='ltr'><strong>expostulat,</strong></span> <span class='ocrx_word' id='word_1_74' title='bbox 825 1953 889 2000; x_wconf 88' lang='lat' dir='ltr'><strong>cur</strong></span> <span class='ocrx_word' id='word_1_75' title='bbox 915 1939 986 1999; x_wconf 89' lang='lat' dir='ltr'><strong>tam</strong></span> <span class='ocrx_word' id='word_1_76' title='bbox 1015 1927 1190 2026; x_wconf 78' lang='lat' dir='ltr'><strong>insignem</strong></span> <span class='ocrx_word' id='word_1_77' title='bbox 1219 1955 1279 2002; x_wconf 62' lang='lat' dir='ltr'>au.-</span> 
     </span>
    </p>
   </div>
   <div class='ocr_carea' id='block_1_5' title="bbox 205 2039 1315 2251">
    <p class='ocr_par' dir='ltr' id='par_1_5' title="bbox 205 2039 1315 2251">
     <span class='ocr_line' id='line_1_13' title="bbox 206 2039 1279 2137; baseline 0.003 -24"><span class='ocrx_word' id='word_1_78' title='bbox 206 2051 351 2137; x_wconf 82' lang='lat' dir='ltr'><strong>„torem</strong></span> <span class='ocrx_word' id='word_1_79' title='bbox 374 2041 538 2114; x_wconf 77' lang='lat' dir='ltr'><strong>studiosis</strong></span> <span class='ocrx_word' id='word_1_80' title='bbox 564 2043 821 2114; x_wconf 88' lang='lat' dir='ltr'><strong>communicare</strong></span> <span class='ocrx_word' id='word_1_81' title='bbox 844 2040 977 2112; x_wconf 89' lang='lat' dir='ltr'><strong>tamdiu</strong></span> <span class='ocrx_word' id='word_1_82' title='bbox 993 2039 1163 2118; x_wconf 80' lang='lat' dir='ltr'><strong>differam.</strong></span> <span class='ocrx_word' id='word_1_83' title='bbox 1201 2039 1279 2116; x_wconf 76' lang='lat' dir='ltr'><strong>Ad·</strong></span> 
     </span>
     <span class='ocr_line' id='line_1_14' title="bbox 205 2153 1315 2251; baseline 0.003 -25"><span class='ocrx_word' id='word_1_84' title='bbox 205 2155 329 2250; x_wconf 89' lang='lat' dir='ltr'><strong>„dunt</strong></span> <span class='ocrx_word' id='word_1_85' title='bbox 356 2156 515 2228; x_wconf 83' lang='lat' dir='ltr'><strong>convicia</strong></span> <span class='ocrx_word' id='word_1_86' title='bbox 540 2154 703 2251; x_wconf 88' lang='lat' dir='ltr'><strong>quidam,</strong></span> <span class='ocrx_word' id='word_1_87' title='bbox 731 2153 942 2247; x_wconf 74' lang='lat' dir='ltr'><strong>dictitantes,</strong></span> <span class='ocrx_word' id='word_1_88' title='bbox 971 2153 1134 2227; x_wconf 87' lang='lat' dir='ltr'><strong>illumin</strong></span> <span class='ocrx_word' id='word_1_89' title='bbox 1163 2155 1230 2229; x_wconf 90' lang='lat' dir='ltr'><strong>hoc</strong></span> <span class='ocrx_word' id='word_1_90' title='bbox 1259 2183 1281 2228; x_wconf 92' lang='lat' dir='ltr'><strong>a</strong></span> <span class='ocrx_word' id='word_1_91' title='bbox 1311 2155 1315 2175; x_wconf 84' lang='lat'><em>&#39;</em></span> 
     </span>
    </p>
   </div>
   <div class='ocr_carea' id='block_1_6' title="bbox 109 2267 1281 2369">
    <p class='ocr_par' dir='ltr' id='par_1_6' title="bbox 1 2243 1281 2369">
     <span class='ocr_line' id='line_1_15' title="bbox 109 2267 1281 2369; baseline 0.001 -28.916"><span class='ocrx_word' id='word_1_92' title='bbox 109 2326 112 2332; x_wconf 86' lang='lat'>.</span> <span class='ocrx_word' id='word_1_93' title='bbox 205 2298 293 2366; x_wconf 88' lang='lat' dir='ltr'><strong>„me</strong></span> <span class='ocrx_word' id='word_1_94' title='bbox 319 2272 452 2369; x_wconf 89' lang='lat' dir='ltr'><strong>premi,</strong></span> <span class='ocrx_word' id='word_1_95' title='bbox 481 2281 521 2341; x_wconf 88' lang='lat' dir='ltr'><strong>ut</strong></span> <span class='ocrx_word' id='word_1_96' title='bbox 542 2267 626 2356; x_wconf 73' lang='lat' dir='ltr'><strong>oiim</strong></span> <span class='ocrx_word' id='word_1_97' title='bbox 647 2268 799 2341; x_wconf 87' lang='lat' dir='ltr'><strong>alienum</strong></span> <span class='ocrx_word' id='word_1_98' title='bbox 825 2293 916 2365; x_wconf 85' lang='lat' dir='ltr'><strong>opus</strong></span> <span class='ocrx_word' id='word_1_99' title='bbox 943 2280 1119 2365; x_wconf 90' lang='lat' dir='ltr'><strong>tamquam</strong></span> <span class='ocrx_word' id='word_1_100' title='bbox 1148 2268 1281 2368; x_wconf 75' lang='lat' dir='ltr'><strong>ingenii</strong></span> 
     </span>
    </p>
   </div>
   <div class='ocr_carea' id='block_1_7' title="bbox 192 2375 1281 2711">
    <p class='ocr_par' dir='ltr' id='par_1_7' title="bbox 192 2375 1281 2711">
     <span class='ocr_line' id='line_1_16' title="bbox 205 2375 1280 2480; baseline 0 -24"><span class='ocrx_word' id='word_1_101' title='bbox 205 2387 304 2480; x_wconf 88' lang='lat' dir='ltr'><strong>„mei</strong></span> <span class='ocrx_word' id='word_1_102' title='bbox 333 2387 506 2457; x_wconf 83' lang='lat' dir='ltr'><strong>facturam</strong></span> <span class='ocrx_word' id='word_1_103' title='bbox 534 2384 570 2453; x_wconf 91' lang='lat' dir='ltr'><strong>in</strong></span> <span class='ocrx_word' id='word_1_104' title='bbox 596 2375 777 2480; x_wconf 79' lang='lat' dir='ltr'><strong>pnhiieum</strong></span> <span class='ocrx_word' id='word_1_105' title='bbox 803 2383 967 2455; x_wconf 87' lang='lat' dir='ltr'><strong>emittam.</strong></span> <span class='ocrx_word' id='word_1_106' title='bbox 1003 2380 1160 2458; x_wconf 87' lang='lat' dir='ltr'><strong>Proinde</strong></span> <span class='ocrx_word' id='word_1_107' title='bbox 1186 2409 1280 2456; x_wconf 88' lang='lat' dir='ltr'><strong>nunc</strong></span> 
     </span>
     <span class='ocr_line' id='line_1_17' title="bbox 192 2494 1279 2602; baseline -0.001 -31"><span class='ocrx_word' id='word_1_108' title='bbox 192 2499 424 2602; x_wconf 88' lang='lat' dir='ltr'><strong>„aedidimus</strong></span> <span class='ocrx_word' id='word_1_109' title='bbox 441 2497 564 2596; x_wconf 83' lang='lat' dir='ltr'><strong>(sie)“</strong></span> <span class='ocrx_word' id='word_1_110' title='bbox 592 2506 627 2568; x_wconf 89' lang='lat' dir='ltr'><strong>et</strong></span> <span class='ocrx_word' id='word_1_111' title='bbox 642 2523 677 2594; x_wconf 89' lang='lat' dir='ltr'><strong>q.</strong></span> <span class='ocrx_word' id='word_1_112' title='bbox 695 2522 723 2568; x_wconf 85' lang='lat' dir='ltr'><strong>s.</strong></span> <span class='ocrx_word' id='word_1_113' title='bbox 785 2496 912 2596; x_wconf 88' lang='lat' dir='ltr'><strong>ltaque</strong></span> <span class='ocrx_word' id='word_1_114' title='bbox 932 2494 1042 2568; x_wconf 87' lang='lat' dir='ltr'><strong>verba</strong></span> <span class='ocrx_word' id='word_1_115' title='bbox 1067 2496 1129 2568; x_wconf 89' lang='lat' dir='ltr'><strong>illa</strong></span> <span class='ocrx_word' id='word_1_116' title='bbox 1157 2499 1279 2591; x_wconf 84' lang='lat' dir='ltr'><strong>„codi-</strong></span> 
     </span>
     <span class='ocr_line' id='line_1_18' title="bbox 205 2611 1281 2711; baseline -0.006 -22"><span class='ocrx_word' id='word_1_117' title='bbox 205 2642 278 2689; x_wconf 86' lang='lat' dir='ltr'><strong>cem</strong></span> <span class='ocrx_word' id='word_1_118' title='bbox 292 2651 341 2666; x_wconf 76' lang='lat'><strong>-··</strong></span> <span class='ocrx_word' id='word_1_119' title='bbox 370 2616 581 2711; x_wconf 76' lang='lat' dir='ltr'><strong>descriptum</strong></span> <span class='ocrx_word' id='word_1_120' title='bbox 608 2613 836 2710; x_wconf 80' lang='lat' dir='ltr'><strong>premendam</strong></span> <span class='ocrx_word' id='word_1_121' title='bbox 867 2611 1075 2698; x_wconf 54' lang='grc' dir='ltr'><strong>ρςιηαεὺαιη(ι</strong></span> <span class='ocrx_word' id='word_1_122' title='bbox 1107 2613 1144 2682; x_wconf 95' lang='lat' dir='ltr'><strong>in</strong></span> <span class='ocrx_word' id='word_1_123' title='bbox 1174 2639 1281 2685; x_wconf 88' lang='lat' dir='ltr'><strong>causa</strong></span> 
     </span>
    </p>
   </div>
   <div class='ocr_carea' id='block_1_8' title="bbox 205 2723 1280 2842">
    <p class='ocr_par' dir='ltr' id='par_1_8' title="bbox 205 2723 1280 2842">
     <span class='ocr_line' id='line_1_19' title="bbox 205 2723 1280 2842; baseline -0.002 -42"><span class='ocrx_word' id='word_1_124' title='bbox 205 2725 300 2800; x_wconf 86' lang='lat' dir='ltr'><strong>haud</strong></span> <span class='ocrx_word' id='word_1_125' title='bbox 329 2726 434 2800; x_wconf 88' lang='lat' dir='ltr'><strong>dubie</strong></span> <span class='ocrx_word' id='word_1_126' title='bbox 456 2728 620 2817; x_wconf 84' lang='lat' dir='ltr'><strong>fuerunt,</strong></span> <span class='ocrx_word' id='word_1_127' title='bbox 649 2735 689 2796; x_wconf 90' lang='lat' dir='ltr'><strong>nt</strong></span> <span class='ocrx_word' id='word_1_128' title='bbox 719 2723 1047 2842; x_wconf 56' lang='lat' dir='ltr'><strong>exemplnmuiihrd,</strong></span> <span class='ocrx_word' id='word_1_129' title='bbox 1076 2724 1113 2795; x_wconf 92' lang='lat' dir='ltr'><strong>in</strong></span> <span class='ocrx_word' id='word_1_130' title='bbox 1140 2739 1280 2824; x_wconf 88' lang='lat' dir='ltr'><strong>tempus</strong></span> 
     </span>
    </p>
   </div>
   <div class='ocr_carea' id='block_1_9' title="bbox 83 2837 1281 2939">
    <p class='ocr_par' dir='ltr' id='par_1_9' title="bbox 83 2837 1281 2939">
     <span class='ocr_line' id='line_1_20' title="bbox 83 2837 1281 2939; baseline 0.003 -30"><span class='ocrx_word' id='word_1_131' title='bbox 83 2905 85 2909; x_wconf 87' lang='lat'>.</span> <span class='ocrx_word' id='word_1_132' title='bbox 204 2853 340 2913; x_wconf 86' lang='lat' dir='ltr'><strong>tantum</strong></span> <span class='ocrx_word' id='word_1_133' title='bbox 369 2867 547 2939; x_wconf 89' lang='lat' dir='ltr'><strong>pressum,</strong></span> <span class='ocrx_word' id='word_1_134' title='bbox 573 2849 696 2935; x_wconf 90' lang='lat' dir='ltr'><strong>postea</strong></span> <span class='ocrx_word' id='word_1_135' title='bbox 724 2837 927 2936; x_wconf 72' lang='lat' dir='ltr'><strong>typothetae</strong></span> <span class='ocrx_word' id='word_1_136' title='bbox 952 2837 1119 2921; x_wconf 76' lang='lat' dir='ltr'><strong>traditam</strong></span> <span class='ocrx_word' id='word_1_137' title='bbox 1151 2852 1281 2914; x_wconf 85' lang='lat' dir='ltr'><strong>statue·</strong></span> 
     </span>
    </p>
   </div>
   <div class='ocr_carea' id='block_1_10' title="bbox 204 2949 1284 4375">
    <p class='ocr_par' dir='ltr' id='par_1_10' title="bbox 204 2949 1284 4375">
     <span class='ocr_line' id='line_1_21' title="bbox 204 2949 1280 3049; baseline -0.002 -23"><span class='ocrx_word' id='word_1_138' title='bbox 204 2957 278 3027; x_wconf 85' lang='lat' dir='ltr'><strong>rint</strong></span> <span class='ocrx_word' id='word_1_139' title='bbox 293 2955 374 3028; x_wconf 81' lang='lat' dir='ltr'><strong>W.</strong></span> <span class='ocrx_word' id='word_1_140' title='bbox 401 2955 485 3030; x_wconf 80' lang='lat' dir='ltr'><strong>DI).</strong></span> <span class='ocrx_word' id='word_1_141' title='bbox 543 2950 618 3025; x_wconf 88' lang='lat' dir='ltr'><strong>Sed</strong></span> <span class='ocrx_word' id='word_1_142' title='bbox 631 2949 826 3022; x_wconf 84' lang='lat' dir='ltr'><strong>Rhenanus</strong></span> <span class='ocrx_word' id='word_1_143' title='bbox 855 2977 965 3049; x_wconf 89' lang='lat' dir='ltr'><strong>quum</strong></span> <span class='ocrx_word' id='word_1_144' title='bbox 996 2950 1088 3022; x_wconf 90' lang='lat' dir='ltr'><strong>dicat</strong></span> <span class='ocrx_word' id='word_1_145' title='bbox 1116 2979 1194 3026; x_wconf 89' lang='lat' dir='ltr'><strong>sese</strong></span> <span class='ocrx_word' id='word_1_146' title='bbox 1222 2978 1280 3024; x_wconf 91' lang='lat' dir='ltr'><strong>co·</strong></span> 
     </span>
     <span class='ocr_line' id='line_1_22' title="bbox 206 3062 1280 3255; baseline -0.002 -115"><span class='ocrx_word' id='word_1_147' title='bbox 206 3069 320 3142; x_wconf 91' lang='lat' dir='ltr'><strong>dicem</strong></span> <span class='ocrx_word' id='word_1_148' title='bbox 328 3068 556 3255; x_wconf 47' lang='grc' dir='ltr'><strong>Ῡοτίρῑωυ</strong></span> <span class='ocrx_word' id='word_1_149' title='bbox 568 3063 753 3160; x_wconf 85' lang='lat' dir='ltr'><strong>pressisse,</strong></span> <span class='ocrx_word' id='word_1_150' title='bbox 779 3062 833 3136; x_wconf 89' lang='lat' dir='ltr'><strong>his</strong></span> <span class='ocrx_word' id='word_1_151' title='bbox 846 3062 966 3134; x_wconf 87' lang='lat' dir='ltr'><strong>verbis</strong></span> <span class='ocrx_word' id='word_1_152' title='bbox 990 3087 1061 3134; x_wconf 93' lang='lat' dir='ltr'><strong>non</strong></span> <span class='ocrx_word' id='word_1_153' title='bbox 1081 3064 1280 3161; x_wconf 82' lang='lat' dir='ltr'><strong>profitetur,</strong></span> 
     </span>
     <span class='ocr_line' id='line_1_23' title="bbox 206 3169 1280 3282; baseline -0.005 -25"><span class='ocrx_word' id='word_1_154' title='bbox 206 3211 285 3257; x_wconf 89' lang='lat' dir='ltr'><strong>sese</strong></span> <span class='ocrx_word' id='word_1_155' title='bbox 303 3171 340 3282; x_wconf 74' lang='lat' dir='ltr'><strong>p⁷</strong></span> <span class='ocrx_word' id='word_1_156' title='bbox 351 3169 426 3255; x_wconf 66' lang='lat' dir='ltr'><strong>stha</strong></span> <span class='ocrx_word' id='word_1_157' title='bbox 446 3176 692 3279; x_wconf 74' lang='lat' dir='ltr'><strong>apographum</strong></span> <span class='ocrx_word' id='word_1_158' title='bbox 711 3176 799 3248; x_wconf 88' lang='lat' dir='ltr'><strong>illud</strong></span> <span class='ocrx_word' id='word_1_159' title='bbox 814 3179 910 3278; x_wconf 64' lang='lat' dir='ltr'><strong>typis</strong></span> <span class='ocrx_word' id='word_1_160' title='bbox 925 3177 1119 3251; x_wconf 86' lang='lat' dir='ltr'><strong>excudisse.</strong></span> <span class='ocrx_word' id='word_1_161' title='bbox 1165 3174 1280 3254; x_wconf 83' lang='lat' dir='ltr'><strong>Nobis</strong></span> 
     </span>
     <span class='ocr_line' id='line_1_24' title="bbox 206 3281 1281 3393; baseline -0.007 -21"><span class='ocrx_word' id='word_1_162' title='bbox 206 3298 299 3372; x_wconf 88' lang='lat' dir='ltr'><strong>enim</strong></span> <span class='ocrx_word' id='word_1_163' title='bbox 328 3287 375 3370; x_wconf 80' lang='lat' dir='ltr'><strong>at</strong></span> <span class='ocrx_word' id='word_1_164' title='bbox 391 3281 499 3368; x_wconf 84' lang='lat' dir='ltr'><strong>verba</strong></span> <span class='ocrx_word' id='word_1_165' title='bbox 527 3293 587 3365; x_wconf 89' lang='lat' dir='ltr'><strong>illa</strong></span> <span class='ocrx_word' id='word_1_166' title='bbox 610 3291 712 3363; x_wconf 86' lang='lat' dir='ltr'><strong>aliter</strong></span> <span class='ocrx_word' id='word_1_167' title='bbox 740 3291 961 3390; x_wconf 85' lang='lat' dir='ltr'><strong>explicanda,</strong></span> <span class='ocrx_word' id='word_1_168' title='bbox 989 3303 1024 3365; x_wconf 87' lang='lat' dir='ltr'><strong>et</strong></span> <span class='ocrx_word' id='word_1_169' title='bbox 1046 3291 1155 3371; x_wconf 87' lang='lat' dir='ltr'><strong>multa</strong></span> <span class='ocrx_word' id='word_1_170' title='bbox 1181 3305 1281 3393; x_wconf 83' lang='lat' dir='ltr'><strong>prae·</strong></span> 
     </span>
     <span class='ocr_line' id='line_1_25' title="bbox 205 3335 1282 3597; baseline -0.006 -111"><span class='ocrx_word' id='word_1_171' title='bbox 205 3424 301 3486; x_wconf 87' lang='lat' dir='ltr'><strong>terea</strong></span> <span class='ocrx_word' id='word_1_172' title='bbox 339 3335 544 3597; x_wconf 43' lang='lat' dir='ltr'><strong>apparamento</strong></span> <span class='ocrx_word' id='word_1_173' title='bbox 583 3409 621 3478; x_wconf 89' lang='lat' dir='ltr'><strong>in</strong></span> <span class='ocrx_word' id='word_1_174' title='bbox 655 3418 821 3502; x_wconf 90' lang='lat' dir='ltr'><strong>promptu</strong></span> <span class='ocrx_word' id='word_1_175' title='bbox 860 3432 937 3478; x_wconf 90' lang='lat' dir='ltr'><strong>esse</strong></span> <span class='ocrx_word' id='word_1_176' title='bbox 970 3404 1151 3500; x_wconf 88' lang='lat' dir='ltr'><strong>videntur,</strong></span> <span class='ocrx_word' id='word_1_177' title='bbox 1191 3434 1282 3506; x_wconf 89' lang='lat' dir='ltr'><strong>qnae</strong></span> 
     </span>
     <span class='ocr_line' id='line_1_26' title="bbox 204 3518 1279 3625; baseline -0.007 -25"><span class='ocrx_word' id='word_1_178' title='bbox 204 3526 343 3625; x_wconf 85' lang='lat' dir='ltr'><strong>exempl</strong></span> <span class='ocrx_word' id='word_1_179' title='bbox 362 3601 372 3616; x_wconf 66' lang='lat'><strong>,</strong></span> <span class='ocrx_word' id='word_1_180' title='bbox 410 3523 518 3614; x_wconf 89' lang='lat' dir='ltr'><strong>illud,</strong></span> <span class='ocrx_word' id='word_1_181' title='bbox 549 3518 645 3621; x_wconf 83' lang='lat' dir='ltr'><strong>quod</strong></span> <span class='ocrx_word' id='word_1_182' title='bbox 659 3518 855 3592; x_wconf 88' lang='lat' dir='ltr'><strong>Rhenanus</strong></span> <span class='ocrx_word' id='word_1_183' title='bbox 869 3530 1100 3618; x_wconf 88' lang='lat' dir='ltr'><strong>properanter</strong></span> <span class='ocrx_word' id='word_1_184' title='bbox 1129 3548 1170 3594; x_wconf 89' lang='lat' dir='ltr'><strong>ao</strong></span> <span class='ocrx_word' id='word_1_185' title='bbox 1191 3521 1279 3593; x_wconf 82' lang='lat' dir='ltr'><strong>infe·</strong></span> 
     </span>
     <span class='ocr_line' id='line_1_27' title="bbox 204 3621 1281 3733; baseline -0.006 -21"><span class='ocrx_word' id='word_1_186' title='bbox 204 3639 318 3716; x_wconf 85' lang='lat' dir='ltr'><strong>liciter</strong></span> <span class='ocrx_word' id='word_1_187' title='bbox 347 3621 392 3712; x_wconf 89' lang='lat' dir='ltr'><strong>ah</strong></span> <span class='ocrx_word' id='word_1_188' title='bbox 427 3639 539 3709; x_wconf 86' lang='lat' dir='ltr'><strong>amieo</strong></span> <span class='ocrx_word' id='word_1_189' title='bbox 569 3631 722 3733; x_wconf 88' lang='lat' dir='ltr'><strong>quodam</strong></span> <span class='ocrx_word' id='word_1_190' title='bbox 752 3633 967 3730; x_wconf 90' lang='lat' dir='ltr'><strong>descriptum</strong></span> <span class='ocrx_word' id='word_1_191' title='bbox 995 3631 1104 3724; x_wconf 89' lang='lat' dir='ltr'><strong>dicit,</strong></span> <span class='ocrx_word' id='word_1_192' title='bbox 1138 3635 1281 3706; x_wconf 91' lang='lat' dir='ltr'><strong>loannis</strong></span> 
     </span>
     <span class='ocr_line' id='line_1_28' title="bbox 205 3748 1221 3851; baseline -0.006 -27"><span class='ocrx_word' id='word_1_193' title='bbox 205 3753 374 3828; x_wconf 80' lang='lat' dir='ltr'><strong>Frobenii</strong></span> <span class='ocrx_word' id='word_1_194' title='bbox 398 3754 516 3851; x_wconf 85' lang='lat' dir='ltr'><strong>operis</strong></span> <span class='ocrx_word' id='word_1_195' title='bbox 539 3748 706 3849; x_wconf 79' lang='lat' dir='ltr'><strong>traditum</strong></span> <span class='ocrx_word' id='word_1_196' title='bbox 732 3774 804 3819; x_wconf 91' lang='lat' dir='ltr'><strong>non</strong></span> <span class='ocrx_word' id='word_1_197' title='bbox 832 3773 911 3819; x_wconf 88' lang='lat' dir='ltr'><strong>esse</strong></span> <span class='ocrx_word' id='word_1_198' title='bbox 940 3758 1221 3820; x_wconf 86' lang='lat' dir='ltr'><strong>commonstrent.</strong></span> 
     </span>
     <span class='ocr_line' id='line_1_29' title="bbox 296 3857 1284 4040; baseline -0.002 -34"><span class='ocrx_word' id='word_1_199' title='bbox 296 3936 458 4028; x_wconf 83' lang='lat' dir='ltr'><strong>Quorum</strong></span> <span class='ocrx_word' id='word_1_200' title='bbox 493 3857 645 4040; x_wconf 24' lang='lat' dir='ltr'><strong>primoliu</strong></span> <span class='ocrx_word' id='word_1_201' title='bbox 680 3942 756 4023; x_wconf 88' lang='lat' dir='ltr'><strong>est,</strong></span> <span class='ocrx_word' id='word_1_202' title='bbox 792 3931 889 4029; x_wconf 88' lang='lat' dir='ltr'><strong>quod</strong></span> <span class='ocrx_word' id='word_1_203' title='bbox 926 3933 1081 4030; x_wconf 91' lang='lat' dir='ltr'><strong>opinioni</strong></span> <span class='ocrx_word' id='word_1_204' title='bbox 1115 3931 1167 4004; x_wconf 84' lang='lat' dir='ltr'><strong>illi</strong></span> <span class='ocrx_word' id='word_1_205' title='bbox 1206 3934 1284 4029; x_wconf 90' lang='lat' dir='ltr'><strong>ipsa</strong></span> 
     </span>
     <span class='ocr_line' id='line_1_30' title="bbox 206 4044 1281 4147; baseline -0.001 -27"><span class='ocrx_word' id='word_1_206' title='bbox 206 4047 372 4120; x_wconf 85' lang='lat' dir='ltr'><strong>Rhenani</strong></span> <span class='ocrx_word' id='word_1_207' title='bbox 390 4049 497 4121; x_wconf 87' lang='lat' dir='ltr'><strong>verha</strong></span> <span class='ocrx_word' id='word_1_208' title='bbox 520 4073 666 4147; x_wconf 87' lang='lat' dir='ltr'><strong>prorsus</strong></span> <span class='ocrx_word' id='word_1_209' title='bbox 691 4045 932 4118; x_wconf 88' lang='lat' dir='ltr'><strong>adversantur.</strong></span> <span class='ocrx_word' id='word_1_210' title='bbox 980 4044 1022 4119; x_wconf 87' lang='lat' dir='ltr'><strong>Si</strong></span> <span class='ocrx_word' id='word_1_211' title='bbox 1047 4048 1140 4119; x_wconf 92' lang='lat' dir='ltr'><strong>enim</strong></span> <span class='ocrx_word' id='word_1_212' title='bbox 1166 4073 1281 4120; x_wconf 85' lang='lat' dir='ltr'><strong>exem·</strong></span> 
     </span>
     <span class='ocr_line' id='line_1_31' title="bbox 206 4158 1281 4262; baseline -0.003 -28"><span class='ocrx_word' id='word_1_213' title='bbox 206 4163 287 4262; x_wconf 90' lang='lat' dir='ltr'><strong>plar</strong></span> <span class='ocrx_word' id='word_1_214' title='bbox 311 4159 399 4234; x_wconf 93' lang='lat' dir='ltr'><strong>illud</strong></span> <span class='ocrx_word' id='word_1_215' title='bbox 418 4164 455 4231; x_wconf 94' lang='lat' dir='ltr'><strong>in</strong></span> <span class='ocrx_word' id='word_1_216' title='bbox 481 4161 660 4235; x_wconf 86' lang='lat' dir='ltr'><strong>officinam</strong></span> <span class='ocrx_word' id='word_1_217' title='bbox 684 4161 856 4252; x_wconf 85' lang='lat' dir='ltr'><strong>misisset,</strong></span> <span class='ocrx_word' id='word_1_218' title='bbox 886 4158 1063 4257; x_wconf 89' lang='lat' dir='ltr'><strong>quomodo</strong></span> <span class='ocrx_word' id='word_1_219' title='bbox 1091 4159 1178 4233; x_wconf 90' lang='lat' dir='ltr'><strong>haec</strong></span> <span class='ocrx_word' id='word_1_220' title='bbox 1206 4170 1281 4257; x_wconf 91' lang='lat' dir='ltr'><strong>pot·</strong></span> 
     </span>
     <span class='ocr_line' id='line_1_32' title="bbox 207 4269 1280 4375; baseline -0.007 -25"><span class='ocrx_word' id='word_1_221' title='bbox 207 4289 283 4351; x_wconf 87' lang='lat' dir='ltr'><strong>erat</strong></span> <span class='ocrx_word' id='word_1_222' title='bbox 320 4275 509 4375; x_wconf 72' lang='lat' dir='ltr'><strong>conquerit</strong></span> <span class='ocrx_word' id='word_1_223' title='bbox 550 4274 797 4366; x_wconf 85' lang='lat' dir='ltr'><strong>„Curavimus</strong></span> <span class='ocrx_word' id='word_1_224' title='bbox 825 4283 941 4348; x_wconf 85' lang='lat' dir='ltr'><strong>autem</strong></span> <span class='ocrx_word' id='word_1_225' title='bbox 973 4301 1038 4346; x_wconf 91' lang='lat' dir='ltr'><strong>nos</strong></span> <span class='ocrx_word' id='word_1_226' title='bbox 1066 4273 1176 4347; x_wconf 90' lang='lat' dir='ltr'><strong>multa</strong></span> <span class='ocrx_word' id='word_1_227' title='bbox 1200 4269 1280 4344; x_wconf 73' lang='lat' dir='ltr'><strong>&#39;vul-</strong></span> 
     </span>
    </p>
   </div>
   <div class='ocr_carea' id='block_1_11' title="bbox 205 4387 1279 4489">
    <p class='ocr_par' dir='ltr' id='par_1_11' title="bbox 205 4387 1279 4489">
     <span class='ocr_line' id='line_1_33' title="bbox 205 4387 1279 4489; baseline 0.003 -26"><span class='ocrx_word' id='word_1_228' title='bbox 205 4418 317 4486; x_wconf 85' lang='lat' dir='ltr'><strong>„ncra</strong></span> <span class='ocrx_word' id='word_1_229' title='bbox 345 4388 523 4489; x_wconf 86' lang='lat' dir='ltr'><strong>perfecte,</strong></span> <span class='ocrx_word' id='word_1_230' title='bbox 553 4387 722 4460; x_wconf 90' lang='lat' dir='ltr'><strong>nonnulla</strong></span> <span class='ocrx_word' id='word_1_231' title='bbox 750 4390 822 4480; x_wconf 91' lang='lat' dir='ltr'><strong>sic,</strong></span> <span class='ocrx_word' id='word_1_232' title='bbox 852 4399 894 4461; x_wconf 91' lang='lat' dir='ltr'><strong>ut</strong></span> <span class='ocrx_word' id='word_1_233' title='bbox 917 4389 1062 4464; x_wconf 82' lang='lat' dir='ltr'><strong>cicatrix</strong></span> <span class='ocrx_word' id='word_1_234' title='bbox 1089 4391 1279 4466; x_wconf 84' lang='lat' dir='ltr'><strong>etiamnum</strong></span> 
     </span>
    </p>
   </div>
   <div class='ocr_carea' id='block_1_12' title="bbox 0 0 1529 5150">
    <p class='ocr_par' dir='ltr' id='par_1_12' title="bbox 0 0 1529 5150">
     <span class='ocr_line' id='line_1_34' title="bbox 0 0 1529 5150; baseline 0 0"><span class='ocrx_word' id='word_1_235' title='bbox 0 0 1529 5150; x_wconf 95' lang='lat' dir='ltr'><strong> </strong></span> 
     </span>
    </p>
   </div>
  </div>
 </body>
</html>
