3048 5152
530 936 785 1027 CAPUT
830 939 885 1030 1..
935 987 937 991 v

501 1118 919 1192 velt.11,69.2.p.90ed.orell.
987 1093 989 1100 ’

255 1277 311 1355 ,ὅ
335 1273 368 1338 G.
393 1273 517 1337 Caeciae
543 1309 582 1322 -
603 1275 749 1336 inclusam
772 1273 989 1349 Dolabellam,
1013 1277 1067 1358 qai
1083 1297 1250 1357 praeoccu-

167 1390 249 1460 pata
275 1377 354 1441 Asia
380 1381 412 1439 ia
436 1378 533 1461 Syrti
554 1388 759 1458 pacauerat,
780 1376 973 1439 Laodiceam
1004 1391 1185 1460 capaqaata
1211 1401 1251 1443 ea

171 1481 247 1543 talc
267 1483 391 1560 fecerat
415 1485 461 1542 ita
484 1492 586 1542 tamea
609 1491 643 1541 at
662 1481 817 1541 adiectam
835 1483 919 1542 rer-ci
939 1484 989 1543 rai
1005 1480 1175 1544 Dolabella
1190 1503 1252 1544 aaa

52 1588 54 1592 ’
171 1585 309 1663 aeqniter
327 1581 448 1645 cetaic'e'
466 1583 591 1644 darei.“
631 1588 681 1640 En.
703 1586 852 1656 pr.1r.41.
893 1589 1009 1644 Buterio
1028 1596 1100 1646 terto
1123 1593 1173 1646 Ex.
1194 1598 1249 1647 ret.

172 1691 275 1746 habat:
301 1684 458 1748 Laodicia
476 1695 644 1767 capuerat.

658 1831 762 1852 w

172 1930 322 2038 Parum
352 1964 398 2038 ad
418 1965 493 2066 ipsa
520 1967 622 2040 Beati
652 1966 817 2040 Rhenani
849 1967 956 2040 verba
986 1968 1134 2042 attendit
1164 1995 1249 2043 curn

173 2085 392 2159 Ruhnkenio
425 2085 600 2159 Krausius
635 2085 678 2159 V.
709 2088 756 2162 D.
796 2087 950 2160 scribens
988 2089 1249 2182 „Laodiciae

173 2221 389 2303 expugnata
435 2235 482 2278 aa
522 2209 613 2279 arbe
658 2211 758 2279 inter
803 2209 1078 2301 (coa>fecerai;
1121 2201 1247 2311 parum

173 2327 346 2400 rationem
404 2327 611 2401 habueruut
657 2327 820 2422 Burerii,
879 2327 1005 2402 diserte
1050 2331 1246 2426 monentis,

169 2450 389 2536 Laodicia,
435 2474 510 2520 non
555 2452 827 2542 Laodiceam,
878 2470 913 2522 et
952 2465 1248 2546 expugnatam

170 2583 397 2665 expugnata
434 2571 477 2641 ab
519 2571 596 2669 ipso
631 2573 755 2646 codice
787 2572 954 2645 exhiberi.
1012 2570 1180 2645 Rhenani
1203 2599 1249 2646 au

168 2709 243 2761 tem
269 2673 377 2763 verba
398 2689 499 2788 signo
522 2690 636 2778 crucis
659 2718 732 2765 non
757 2712 837 2766 ante
864 2720 896 2766 v.
911 2689 1152 2785 feceratsed
1166 2710 1247 2764 ante

169 2834 202 2882 v.
222 2809 351 2881 arbem
375 2808 489 2909 posito
513 2808 765 2905 demonstrant,
790 2811 885 2887 illud
899 2813 990 2884 arbe
1009 2812 1056 2883 ita
1072 2812 1248 2911 scriptum

168 2927 297 3020 fuisse,
322 2949 363 3000 ut
386 2927 609 3002 coniecturae
632 2933 755 3005 locum
779 2932 968 3031 reliquerit,
991 2957 1107 3027 neque
1128 2952 1247 3004 tamen

169 3067 250 3121 ante
276 3034 329 3122 a.
374 3051 527 3139 fecerat
559 3051 703 3124 lacunae
750 3050 944 3148 quidquam
995 3051 1244 3148 comparuisse.

170 3168 418 3257 Quamobrem
441 3167 531 3240 nihil
554 3166 723 3265 dubium,
750 3170 836 3269 quin
862 3166 1092 3242 scribendum
1113 3169 1176 3243 sit:

269 3292 484 3384 „inclusam
498 3291 742 3363 Dolabellam
753 3333 805 3350 --
820 3293 1012 3363 Laodicia
1028 3302 1246 3386 expugnata

268 3412 560 3502 interfecerai,“

170 3527 271 3616 Quae
294 3528 401 3601 lectio
426 3555 500 3601 nou
525 3546 699 3626 repugnat
716 3529 860 3602 Burerii
879 3530 1087 3622 auctoritati,
1100 3555 1102 3558 ·
1114 3528 1246 3601 etenim

170 3674 276 3744 quem
294 3651 417 3722 vocab.
433 3663 625 3745 expugnat
642 3646 765 3721 addidi
780 3650 922 3723 literam
940 3676 977 3743 a,
1005 3651 1083 3721 eain
1098 3646 1185 3745 petii
1200 3672 1243 3719 ex
1324 3725 1334 3732 l

171 3767 302 3866 syllaba
329 3796 398 3862 ea,
427 3770 513 3843 false
544 3767 643 3839 haud
674 3767 780 3842 dubie
807 3769 944 3842 librarii
974 3768 1112 3841 incuria
1138 3792 1244 3838 asuo

171 3883 347 3959 disiuncta
359 3890 478 3961 verbo.
516 3889 643 3962 Sciunt
657 3906 840 3986 praeterea
852 3887 1050 3988 philologi,
1074 3913 1243 3985 compen-

171 4003 273 4077 dium
287 4008 384 4081 vocis
406 4011 505 4080 inter
525 4008 810 4108 quamproxime
833 4007 1001 4090 accedere
1024 4007 1070 4079 ad
1090 4035 1123 4082 v.
1138 4007 1243 4100 arbe,

170 4125 306 4226 quippe
323 4125 423 4226 quod
438 4129 484 4201 sit
504 4132 544 4199 it.
594 4129 732 4202 Literae
756 4154 815 4223 ea,
837 4153 900 4199 um
924 4127 1160 4228 superscripta
1178 4127 1242 4200 illa

167 4247 318 4348 syllabae
344 4275 388 4320 er
408 4250 531 4323 notula
553 4248 655 4322 facile
677 4249 715 4322 in
741 4275 782 4321 ea
799 4273 888 4348 quae
909 4248 947 4320 in
968 4247 1061 4322 libro
1082 4246 1241 4347 primum

168 4367 265 4442 edito
288 4389 374 4444 tunt
396 4369 699 4470 depravabantur,
731 4367 938 4470 pramertim
959 4393 1073 4468 quum
1094 4368 1195 4445 litera
1210 4379 1240 4460 t,
