3044 5150
475 927 729 1021 GAPU'I'
758 927 959 1023 xm

517 1091 912 1170 munamau

262 1248 387 1326 „Circa
404 1251 551 1322 Alesiam
581 1273 656 1315 cero
682 1263 790 1314 tantos
816 1272 867 1312 res
899 1263 1030 1334 qaenam
1056 1249 1171 1311 andere
1196 1251 1254 1312 six

183 1351 310 1417 homme}
323 1357 475 1440 perficere
487 1377 569 1436 perse
588 1357 699 1419 saeuius
720 1358 781 1418 oiri
796 1357 851 1418 dei
865 1358 996 1436 fucritf‘
1036 1362 1086 1414 Ed.
1098 1377 1138 1428 pr.
1152 1359 1200 1417 32.

184 1581 375 1718 Frigidius
397 1648 497 1710 sane,
524 1645 614 1719 quae
640 1620 758 1716 priore
785 1619 906 1692 endem
931 1640 965 1692 et
984 1623 1093 1694 altero
1114 1618 1255 1720 periodi

184 1741 348 1811 membro
377 1739 581 1810 enunciaret
611 1736 794 1830 Velleius,
820 1739 886 1811 uisi
913 1738 948 1812 h.
976 1744 999 1813 l.
1028 1738 1255 1816 scribendum

186 1877 290 1930 esset:

294 1994 457 2074 quantas
473 1988 613 2052 audere
630 1985 694 2052 vix
716 1983 890 2070 bominis,
909 1982 1096 2076 perficere
1108 1995 1254 2074 plane

292 2103 428 2170 nullius
450 2103 525 2170 nisi
545 2100 625 2170 Der
643 2103 773 2192 fuerit.

184 2213 236 2286 Ita
259 2218 440 2314 eleganter
466 2218 659 2290 levioribus
683 2217 841 2314 graviora
858 2217 1138 2314 subiunguntur,
1167 2219 1253 2295 dici·

168 2354 307 2434 *surque
334 2335 459 2410 Caesar
495 2357 571 2409 ante
601 2357 737 2438 captam
765 2336 921 2410 Alesiam
939 2364 1059 2432 pens,
1092 2361 1171 2438 post
1196 2370 1252 2415 ca·
1332 2363 1333 2366 ’

181 2476 279 2556 ptam
309 2461 429 2550 plone
460 2458 568 2528 Dens.
647 2457 763 2529 Simili
804 2456 938 2527 ratione
978 2456 1109 2532 Velleii
1149 2463 1251 2536 nobis

183 2603 327 2648 manum
353 2577 530 2677 assequuti
554 2577 715 2650 videmur
743 2604 851 2679 supra
880 2605 956 2676 cap.
974 2603 1028 2649 aa·
1091 2568 1095 2575 ⁵

490 2908 742 3040 carun
779 2905 949 3002 xxv.

519 3072 923 3144 mumamun

266 3270 288 3300 ‚,
300 3225 423 3288 Gallias
444 3229 562 3307 primus
581 3203 830 3306 Dornz'tz‘o'sabio
855 3227 963 3307 nepoti
977 3223 1075 3287 Pauli
1095 3229 1148 3309 an'
1172 3215 1257 3295 Alb·

184 3323 325 3412 broqiew
341 3343 469 3393 vocatus
486 3343 545 3405 est,
565 3334 698 3393 innatas
717 3352 783 3393 cum
801 3333 944 3392 exercitu
957 3351 1070 3412 maqna
1081 3352 1156 3393 mox
1169 3332 1258 3396 clude

182 3445 306 3518 msera,
325 3455 420 3515 saepe
442 3446 475 3496 et
492 3437 704 3515 affectavimus
727 3447 760 3496 et
780 3435 968 3496 amasimns.“
1007 3439 1086 3493 Haec
1106 3441 1210 3494 Orclllo
1230 3457 1257 3498 r.

184 3543 226 3596 cl.
245 3549 314 3596 teste
333 3545 391 3597 cod.
414 3546 585 3611 Amerbsclr3
604 3546 646 3598 cd.
665 3562 704 3614 pr.
723 3541 863 3618 primumn.

185 3762 317 3870 Verba
339 3828 480 3896 magna
503 3829 585 3875 cum
608 3806 715 3874 clade
736 3815 867 3872 nostra
895 3799 1048 3872 Krausio
1076 3820 1162 3873 teste
1183 3802 1255 3902 pri·

187 3901 266 3990 mus
291 3915 525 4018 ¹impugnavit
563 3921 721 4023 Heynius
749 3920 807 3994 Ill.
880 3917 1006 4018 Neque
1041 3919 1257 4018 negandum,

186 4038 439 4140 probabilitatis
475 4041 628 4139 speciem
668 4065 749 4141 prae
793 4064 828 4110 se
866 4039 955 4110 ferre
995 4067 1085 4140 quae
1118 4043 1161 4113 ab
1193 4043 1256 4116 illo

186 4175 328 4254 accepta
359 4159 474 4229 attulit
506 4159 691 4231 Krousius.
748 4155 821 4231 Sed
849 4177 993 4252 tamen,
1028 4164 1188 4260 quamvis
1213 4162 1258 4236 de

189 4274 419 4350 Cimbrorum
440 4275 476 4346 in
499 4275 632 4349 Gallias
656 4277 860 4350 incursione
881 4278 972 4350 facta
988 4287 1067 4353 'non
1094 4281 1138 4353 sit
1162 4281 1257 4378 cogi·

189 4393 358 4491 undum,
395 4396 497 4470 nullo
531 4395 641 4471 modo
667 4395 898 4473 concedimus
923 4395 1093 4493 Heinsio,
1124 4420 1257 4474 eetero-
