3044 5150
517 939 768 1032 Onu!
796 940 932 1032 xm

527 1099 732 1170 vou.11,ee1.
748 1121 773 1174 p.
784 1098 835 1155 175
844 1102 927 1158 «se

213 1241 216 1246 '
269 1253 325 1315 „a
339 1261 400 1324 per
416 1243 519 1304 meria
533 1244 651 1304 maiore
670 1243 705 1304 m·
719 1240 925 1306 herbam
965 1248 1016 1302 m.
1030 1265 1070 1318 μ.
1089 1267 1115 1318 ,,
1128 1251 1185 1308 25..

187 1505 443 1614 Ruhnkenius
472 1542 522 1614 sic
550 1539 745 1638 legendum
765 1560 903 1614 censet:
933 1593 961 1628 ‚‚
974 1556 1012 1614 et
1032 1570 1106 1639 per
1132 1549 1260 1620 amaia

187 1663 338 1736 bomine
362 1663 488 1732 maior
516 1661 844 1732 existimabatur.“
897 1661 1044 1759 Optime
1072 1689 1183 1759 quum
1207 1684 1260 1738 to-

187 1798 258 1852 tam
289 1780 385 1851 hanc
416 1778 644 1869 sententiam,
688 1795 765 1850 tum
796 1779 987 1854 locutionis
1017 1781 1109 1855 illius
1137 1782 1261 1859 adver·

186 1899 288 1972 bielis
320 1925 397 1994 per
436 1901 563 1970 omnia
605 1922 710 1969 usum
750 1915 929 1995 tamquam
958 1901 1143 1974 Velleiana
1183 1904 1260 1978 vin·

188 2017 318 2091 dicavit
346 2018 423 2092 Vir.
450 2019 523 2111 CL,
554 2017 598 2090 de
629 2019 745 2091 verbis
778 2039 894 2091 autem
931 2045 1020 2116 quae
1050 2045 1259 2120 sequuntur,

187 2141 228 2208 vi
247 2139 457 2210 habebatur
481 2139 532 2210 ab.
553 2138 626 2210 eius
647 2140 818 2212 sententia
844 2137 1070 2216 discedimus.

285 2341 427 2416 Docent
473 2337 718 2438 diplomatiei‚
769 2343 917 2415 verbum
959 2343 1172 2414 habebatur
1211 2343 1260 2415 sic

184 2464 313 2537 scribi:
349 2462 579 2556 „kebatwf‘
645 2459 755 2556 Atqui
787 2460 859 2534 hoc
890 2462 999 2561 igitur
1035 2463 1117 2534 loco
1150 2487 1261 2557 quum

185 2585 359 2681 scriptum
398 2598 486 2654 esset
519 2582 739 2673 videbatur,
778 2581 943 2656 librarius
980 2607 1170 2680 perperam
1205 2609 1260 2654 ca·

184 2702 321 2799 piendo
354 2702 491 2773 literam
527 2705 555 2771 d
562 2752 572 2792 ‚
605 2701 721 2797 legere
748 2705 884 2798 putavit
910 2704 1132 2796 vibebatur,
1162 2701 1261 2799 quod

188 2838 277 2892 esset
300 2846 417 2893 revera
440 2823 480 2891 vi
500 2820 720 2893 habebatur.
771 2819 929 2914 Deinde,
963 2821 1060 2918 quod
1086 2821 1259 2896 vocabulo

185 2943 332 3012 maiore
355 2965 532 3012 annexum
557 2955 628 3030 est,
654 2966 675 3008 e
696 2936 809 3030 illud,
844 2967 863 3008 a
893 2939 1112 3013 Ruhnkenio
1133 2943 1260 3039 paullo

185 3060 351 3132 temerius
373 3060 560 3150 abiectum,
584 3055 686 3129 nobis
713 3056 803 3128 nihil
827 3057 924 3151 eliud
945 3079 1005 3150 est,
1028 3060 1097 3132 nisi
1117 3060 1260 3159 signum
1285 3074 1288 3081 '

185 3180 285 3254 verbi
307 3207 387 3252 esse
407 3177 606 3275 saepissime
629 3175 796 3246 usitatum
810 3177 880 3263 ¹²).
933 3176 1072 3263 Quibus
1096 3167 1142 3250 de
1163 3207 1260 3254 caus·

184 3299 230 3374 sis
255 3296 485 3372 scribendum
512 3322 588 3368 esse
615 3294 754 3398 iudico:

283 3467 358 3541 „ot
388 3481 466 3549 per
511 3455 638 3524 omnia
675 3453 826 3524 bomine
870 3455 996 3524 maior
1036 3480 1116 3529 esse
1156 3455 1260 3525 vide·

283 3574 437 3646 batur.“

185 3725 286 3816 Quae
320 3726 539 3801 coniectare
555 3724 624 3797 nisi
651 3725 775 3816 fallor,
816 3721 1013 3822 expeditior
1046 3738 1098 3794 est
1132 3721 1259 3796 Ruhn-

108 3897 110 3901 -
181 3845 348 3920 keniana.

229 4059 281 4131 ¹⁸)
303 4062 370 4115 Vide
386 4067 465 4117 nem
484 4063 607 4122 οο1.442
627 4075 645 4116 e
665 4060 811 4115 wdehorn
829 4058 945 4125 assum,
965 4073 1082 4128 qurum
1103 4077 1159 4116 m
1178 4079 1259 4131 pns-

308 4165 387 4235 eipso
411 4166 510 4220 litem
529 4182 549 4221 e
570 4165 715 4221 uinffl'm
735 4169 788 4218 sut.
827 4163 922 4232 Neque
942 4165 1034 4216 unm
1055 4163 1175 4234 impedio
1193 4184 1258 4236 qur·

306 4269 396 4324 ωὶιιιιι
416 4267 465 4324 hir
480 4285 588 4339 queque
607 4266 758 4340 ulmeri
775 4266 873 4326 iniec
893 4266 970 4322 lom
987 4269 1174 4324 mosem·
