3044 5150
297 601 512 658 ivm·

297 769 400 844 detur
426 791 472 844 ex
499 768 556 846 itis
581 771 688 848 iocis:
722 799 756 869 p.
772 769 839 864 40,
860 769 898 846 ὅ.
926 770 1045 868 46,6.
1077 772 1219 867 51,18.
1251 776 1369 872 65,1.

295 881 363 977 66,
383 880 444 992 15.
470 883 538 979 80,
554 882 617 963 24.
655 881 779 979 87,1.
816 881 954 980 1126.
991 883 1161 980 151,14.
1202 876 1369 987 1'56,16.
1491 973 1493 978 ,

298 994 390 1092 158,
409 997 474 1074 20.
530 999 605 1092 Qui
631 998 699 1071 loci
721 1025 833 1099 quum
860 1024 981 1074 omues
1009 1000 1173 1076 Rhenuni
1201 1006 1370 1084 lectiones

296 1108 589 1188 Amerbachianis
607 1115 862 1213 superscriptas
877 1113 1081 1212 praebeant,
1097 1139 1168 1190 nou
1186 1129 1251 1211 est,
1273 1122 1370 1218 quod

298 1255 378 1304 cum
406 1225 544 1300 Orellio
572 1237 786 1321 statuamus,
824 1252 884 1301 cos
910 1240 1097 1328 antequam
1124 1230 1245 1304 Editio
1275 1235 1368 1331 prin-

299 1367 383 1441 ceps
411 1339 583 1439 prodierit
610 1353 788 1416 correctos
812 1351 1008 1416 mutatosve
1037 1369 1132 1420 esse.

383 1485 544 1560 Orellius
588 1487 634 1562 V.
666 1487 722 1559 lll.
752 1499 921 1589 quantum
964 1492 1001 1560 iu
1044 1487 1184 1566 Velleio
1234 1490 1369 1566 edendo

296 1602 508 1702 praestiterit
538 1598 699 1699 pluribus
734 1629 907 1701 exponere
936 1600 1083 1704 longum
1114 1617 1177 1679 cst
1253 1605 1368 1706 Egre-

296 1717 373 1816 gias
420 1726 535 1788 nutem
575 1717 790 1791 coniecturas
826 1743 914 1817 quas
950 1731 985 1793 et
1029 1720 1106 1819 ipse
1150 1721 1235 1794 fecit
1275 1748 1368 1795 com·
1398 1801 1399 1806 χ

295 1829 416 1928 plures
453 1840 488 1904 et
525 1827 570 1902 ab
606 1833 726 1905 amicis
758 1833 830 1905 suis
858 1829 1007 1930 aliisque
1036 1831 1117 1908 W.
1143 1834 1228 1909 nl).
1258 1836 1370 1909 factas

296 1942 405 2043 elegit
433 1945 558 2017 autin
586 1948 735 2045 pristina
766 1947 841 2018 iura
876 1948 1029 2020 restituit
1064 1948 1203 2021 silentio
1232 1962 1368 2051 praete·

294 2060 367 2132 rire
394 2058 559 2160 religioni
590 2059 758 2133 ducimus.
824 2057 996 2132 Omnium
1024 2059 1128 2132 facile
1159 2068 1369 2162 praecipuae

295 2186 380 2247 sunt
415 2185 451 2248 et
475 2173 665 2270 palmatiae
694 2197 784 2271 quac
812 2172 980 2274 leguntur
1013 2201 1047 2270 p.
1067 2170 1211 2267 12,17.
1239 2174 1307 2268 54,
1328 2174 1366 2250 5.

294 2285 362 2381 46,
381 2285 445 2360 26.
476 2285 545 2378 62,
560 2283 624 2357 22.
665 2282 810 2377 7415.
846 2284 911 2380 77,
927 2284 992 2362 20.
1033 2275 1122 2380 105,
1138 2284 1177 2360 6.
1206 2286 1369 2382 118,11.

296 2398 465 2491 144,16.
509 2398 649 2497 Pagina
670 2397 761 2492 125,
783 2397 837 2472 27
868 2413 923 2475 cst
955 2400 1193 2501 pulcherrima
1220 2402 1368 2500 Sauppii

295 2513 503 2587 coniectura.
554 2513 605 2588 Et
629 2516 786 2587 maxime
807 2515 964 2588 arrident
993 2541 1082 2614 quae
1110 2541 1191 2616 pag.
1210 2513 1278 2609 48,
1297 2513 1369 2613 153

294 2624 404 2714 50,6
438 2627 604 2701 Hnndius
632 2640 668 2702 et
694 2627 877 2702 Puteanus
906 2627 1120 2703 obtuleruut

389 2773 604 2874 Priusquam
637 2776 864 2874 praefationis
893 2775 997 2848 huius
1026 2775 1071 2848 ad
1099 2775 1205 2849 [inem
1240 2799 1367 2874 prope·

292 2875 429 2983 remus,
473 2889 613 2962 Burerii
644 2892 749 2962 ctiam
792 2890 899 2964 fidem
926 2886 1201 2964 Amcrbachiani
1238 2889 1367 2963 codicis

292 3008 500 3081 anctoritate
534 3007 776 3104 impugnatum
811 3006 903 3079 tueri
931 3006 967 3077 in
997 3007 1113 3078 anino
1144 3015 1209 3077 est.
1271 3004 1367 3079 Con·

237 3163 240 3174 =
293 3119 449 3192 cedimus
479 3117 621 3216 quidem
653 3129 798 3216 propter
825 3119 960 3218 aliquot
988 3118 1106 3212 locos,
1141 3117 1204 3191 ubi
1248 3141 1366 3190 veram

291 3231 476 3307 lectionem
489 3229 635 3328 praebet
659 3231 770 3304 codex
791 3227 1018 3326 Amet-bach„
1037 3233 1225 3305 Burerinm
1246 3222 1365 3327 ἀβλε-

222 3385 224 3387 ·
291 3338 382 3446 ψίως
410 3370 487 3418 esse
515 3344 771 3442 accusandum3
803 3345 1010 3420 confitemur
1038 3350 1162 3438 ctiam,
1190 3370 1256 3419 nos
1284 3369 1365 3442 pro-

290 3473 370 3560 pter
401 3461 529 3531 mirum
561 3461 623 3559 qui
658 3486 740 3557 pag.
755 3457 822 3553 89,
844 3460 883 3538 9.
914 3457 982 3554 95,
1005 3457 1058 3532 22
1094 3470 1149 3540 cst
1176 3459 1364 3533 lectionum

289 3561 554 3649 Rhenaniarum
591 3584 627 3647 et
661 3568 1023 3648 Amerlrachinnarum
1057 3599 1265 3647 consensum
1301 3569 1364 3642 du·

289 3689 369 3762 bios
399 3686 564 3780 haerere,
598 3698 717 3759 utrum
746 3687 800 3760 his
830 3714 875 3761 an
905 3689 1055 3762 Burerio
1087 3687 1194 3760 fidem
1233 3682 1364 3758 habere

289 3801 498 3876 debeamus:
525 3801 614 3873 iliud
636 3812 754 3875 nmen
772 3801 876 3876 nobis
897 3827 1105 3901 persuasum
1130 3810 1204 3893 est,
1232 3824 1302 3870 una
1327 3799 1365 3870 iu

288 3943 328 3989 rc
355 3918 520 4002 iniustius
556 3917 594 3986 in
627 3914 816 3990 Burerinm
846 3920 1024 3991 invectum
1066 3939 1144 3986 esse
1175 3910 1362 3986 (tremum.

288 4030 387 4106 Dicit
418 4031 510 4104 enim
541 4028 673 4104 codicis
691 4025 842 4107 Amerh.
872 4055 939 4128 ope
970 4029 1094 4102 tacitus
1116 4026 1281 4120 Rhenani
1309 4029 1361 4099 in·

288 4144 539 4244 terpoiationes
554 4142 708 4218 detectas
729 4167 812 4224 csse
836 4143 861 4221 l.
876 4144 928 4237 Π,
949 4139 1064 4237 test,
1092 4139 1160 4235 26,
1172 4137 1210 4214 5.
1240 4135 1309 4232 27,
1323 4135 1360 4212 5.
1383 4178 1386 4184 -

287 4255 409 4354 58,6.
436 4257 505 4353 47,
519 4255 557 4329 5.
586 4253 704 4350 57,1.
737 4253 879 4350 120,2.
945 4256 1053 4352 Quod
1080 4256 1120 4330 si.
1145 4279 1267 4330 verum
1296 4263 1361 4345 eet,

287 4375 467 4472 sequitur,
502 4370 644 4448 Burerii
674 4372 845 4448 incuriam
879 4369 944 4448 hus
971 4369 1137 4452 Rheunni
1173 4366 1360 4466 intemetu-
