3044 5150
262 587 312 663 02

261 777 402 875 ignorat
416 774 606 876 quisquam
623 769 760 846 Tiberii
774 798 857 871 erga
872 772 1079 871 Augustum
1100 766 1341 846 adulationem

262 918 369 996 atque
384 914 594 970 ostentatam
616 893 793 994 pietatem.
830 891 984 969 Accedit
1009 887 1109 991 quod
1132 889 1163 962 si
1177 891 1341 990 Augusto

260 1017 402 1116 ingrata
438 1041 513 1087 esse
550 1030 689 1114 poterat
724 1012 872 1112 originis
911 1038 996 1085 suae
1023 1011 1061 1082 in
1092 1011 1220 1110 vulgus
1246 1011 1342 1086 edita

261 1136 406 1229 notitia,
439 1133 586 1208 Tiberio
623 1132 750 1206 eadem
781 1133 880 1206 haud
916 1133 1037 1205 minus
1062 1155 1166 1229 aegre
1196 1132 1342 1210 ferenda

263 1279 345 1332 erat.
368 1301 420 1315 -
447 1254 558 1328 Unde
595 1252 693 1327 haud
726 1253 846 1354 inepte
876 1253 1036 1328 Velleius
1062 1250 1133 1322 illis
1156 1255 1342 1343 „etiamsi

258 1378 464 1476 praeteriit
486 1378 591 1469 ipse“
618 1373 757 1447 veniam
781 1374 883 1474 quasi
906 1373 1006 1475 petiit
1030 1369 1176 1443 Tiberii.

347 1497 404 1569 De
426 1492 629 1565 Orelliauo:
660 1496 844 1588 „etiamsi
862 1494 1153 1590 praevertenti“
1170 1489 1268 1592 quod
1286 1493 1342 1565 in·

261 1636 486 1718 terpretatur,
513 1611 583 1706 „ad
608 1613 677 1685 alia
702 1614 913 1708 festinanti‚“
936 1613 1111 1687 iudicium
1130 1613 1248 1686 ferant
1262 1613 1342 1688 Viri

261 1765 318 1811 me
338 1735 466 1809 Latine
489 1733 677 1806 doctiores.
728 1733 906 1834 Equidem
933 1733 1112 1834 (quamvis
1142 1733 1231 1806 certi
1253 1733 1339 1833 quid

262 1858 378 1932 dicere
394 1856 453 1930 vix
467 1853 593 1941 ausim)
615 1878 750 1946 vereor,
774 1855 963 1928 festinandi
978 1857 1077 1930 notio
1099 1883 1144 1930 ne
1167 1882 1242 1929 non
1257 1855 1339 1930 insit

260 1979 297 2052 in
325 1978 436 2052 verbo
457 1987 719 2072 praevertere.

566 2340 819 2434 GAPU'I'
857 2345 1039 2440 xm

589 2510 658 2565 var.
669 2511 707 2578 11,
722 2506 767 2564 so.
785 2525 812 2580 p.
822 2503 858 2561 aa
872 2509 911 2563 ts.
925 2509 1007 2563 orsu

340 2661 513 2738 „Actorum
529 2662 664 2724 eiusdem
682 2663 807 2724 iruertt‘ts
820 2661 913 2740 solata
930 2660 1166 2746 civitatibusque
1186 2664 1339 2744 corruptis

258 2767 517 2829 commentartof‘
558 2771 608 2824 Ed.
631 2788 671 2839 pr.
689 2771 737 2828 38.

743 2897 871 2920 π

260 2999 398 3109 Liceat
433 3034 540 3128 mihi,
579 3053 772 3134 praeeunte
806 3033 1026 3107 Ruhnkenio
1062 3033 1203 3107 silentio
1235 3061 1337 3134 prae-

258 3154 363 3227 terire
396 3178 486 3250 quae
520 3152 581 3225 alii
612 3152 658 3224 ad
689 3151 788 3225 huuc
821 3152 954 3226 Velleii
983 3152 1102 3224 locum
1136 3154 1337 3228 sanandum

258 3273 449 3348 attulerint.
503 3273 616 3372 Legat
639 3273 701 3345 illa
734 3270 833 3372 apud
862 3297 922 3344 eos
950 3272 1012 3368 qui
1043 3274 1157 3368 volet,
1186 3301 1232 3348 ne
1256 3275 1336 3375 ipso

258 3392 405 3495 quidem
435 3391 653 3465 Ruhnkenio
683 3411 841 3491 excepto.
905 3391 1007 3465 Haec
1036 3395 1132 3465 enim
1159 3416 1242 3468 sunt
1267 3400 1336 3468 tata

256 3515 466 3600 hominum,
511 3513 600 3586 alter
636 3514 779 3586 alterius
819 3512 980 3586 humeris
1008 3513 1156 3608 insistit,
1197 3536 1234 3588 et
1276 3515 1337 3613 qui

255 3636 365 3711 hodie
396 3635 550 3708 alterum
589 3632 706 3731 perdit
735 3661 811 3706 cras
842 3634 917 3733 ipse
947 3634 1083 3708 iacebit.
1139 3633 1217 3709 Nisi
1244 3639 1336 3710 forte

255 3756 390 3856 pudori
420 3753 494 3827 esse
525 3754 651 3828 debeat
677 3754 758 3827 talia
793 3755 832 3827 in
857 3781 1037 3826 summum
1069 3755 1186 3829 virum
1216 3756 1334 3830 dicia

255 3903 332 3969 mo,
358 3874 508 3949 vixdum
530 3875 718 3950 Musarum
745 3877 925 3974 templum
951 3875 1124 3974 ingresso.

352 3992 425 4068 Sed
456 3997 641 4070 veniamus
679 3994 724 4068 ad
765 3995 804 4068 id
844 3991 941 4090 quod
975 3995 1100 4095 agitur.
1159 3997 1211 4072 Ita
1243 3996 1335 4071 haec

255 4115 327 4215 legi
351 4114 482 4186 malim:

363 4235 583 4330 „Actorum
608 4235 775 4304 eiusdem
803 4236 956 4306 insertis
970 4231 1085 4332 falsis
1106 4237 1334 4328 pravitati-

362 4358 503 4452 busque
530 4356 719 4448 corruptis
741 4359 1055 4430 cornmentartisf‘
