3044 5150
1178 611 1227 685 65

151 804 250 907 quod
275 825 395 877 tamen
428 829 502 876 non
528 802 613 874 item
642 799 740 874 cadit
763 800 800 871 in
825 802 975 874 verbum
1001 803 1148 875 satiari.
1176 841 1225 860 -·

151 923 424 1001 Multitudinem
447 925 611 996 locorum
648 923 750 994 affert
770 919 991 993 Forcellinus
1012 947 1038 995 s.
1068 947 1100 994 v.
1126 925 1225 993 satio

150 1068 185 1120 et
212 1050 398 1136 satiatus,
431 1069 590 1143 quornm
617 1069 662 1113 ne
687 1069 779 1112 unus
811 1039 959 1139 quidem
992 1066 1074 1112 cum
1106 1068 1139 1115 v.
1167 1066 1227 1114 ve·

149 1168 262 1240 lutis.
297 1165 397 1265 qussi
423 1165 645 1238 coniunctam
667 1161 809 1234 exhibet
841 1161 1042 1233 translatam
1077 1159 1228 1234 satiandi

151 1288 348 1361 notionem.

452 1669 703 1761 esron
743 1635 938 1758 xn'tv.

489 1839 557 1892 verr.
571 1837 611 1905 11,
628 1835 673 1890 se.
692 1837 760 1908 pso
773 1838 813 1892 er.
828 1836 910 1890 orer.

238 1986 403 2062 „Forento
424 1989 537 2050 deinde
553 1989 689 2052 Antonio
709 1990 857 2070 simulque
870 1985 994 2068 Lepido
1012 2007 1136 2069 qzwrum
1154 1999 1236 2050 uter·

158 2110 215 2174 que
241 2105 277 2154 ut
295 2094 512 2174 maestissimus
536 2093 640 2156 hostes
666 2095 798 2155 iudicati
824 2103 935 2153 mant:
961 2113 1028 2152 eom
1048 2089 1139 2152 ambo
1162 2091 1236 2166 mal·

158 2195 222 2256 lent
237 2195 299 2258 sibi
313 2199 470 2270 nonciari,
495 2199 571 2280 quid
582 2201 672 2280 passi
696 2208 797 2259 essent
817 2216 907 2278 quam
931 2195 1006 2276 quid
1027 2196 1236 2267 mmmm,

158 2333 195 2344 -
214 2303 417 2362 instauratum
430 2297 556 2362 Sullani
577 2300 715 2382 exempli
730 2299 859 2372 malum,
874 2299 1097 2380 proso-iptio.“
1126 2303 1177 2357 Ed.
1194 2317 1238 2371 pr.
1276 2291 1280 2298 ’

158 2427 184 2478 1>-
204 2407 254 2466 40.

647 2515 743 2538 a

159 2633 415 2743 Ruhnkenius
440 2673 592 2746 verbum
619 2672 795 2742 nunciam·
823 2668 890 2762 „in
918 2667 1052 2743 mendo
1075 2671 1205 2760 cubare
1213 2674 1236 2716 “

159 2790 315 2890 putavit,
339 2790 388 2862 its
404 2791 552 2890 quidem
570 2793 691 2864 locum
707 2817 834 2862 sanum
850 2814 924 2860 non
942 2816 1015 2861 esse
1031 2816 1238 2888 persuasum

158 2908 304 2981 habens.
352 2909 433 2996 Qua
449 2913 485 2985 in
507 2939 544 2984 re
561 2913 709 2984 omnino
728 2909 896 2982 assentior
918 2910 1010 2982 Viro
1026 2935 1237 2982 summo.-

161 3028 261 3115 Quid
301 3031 426 3102 enim?
473 3061 561 3103 num
601 3030 859 3129 proscriptione
901 3029 970 3100 illis
1010 3030 1238 3100 nunciaretur

160 3175 303 3223 necesse
347 3171 421 3222 erat
454 3177 543 3247 quae
582 3151 649 3248 ipsi
685 3152 773 3242 passi
805 3149 947 3221 essent?
1010 3149 1108 3222 Haee
1141 3148 1239 3220 haud

153 3268 269 3344 ¹dubie
304 3272 418 3369 probe
453 3292 515 3342 aut
549 3271 666 3368 potius
699 3271 861 3368 improbe
894 3272 1068 3343 tenebant.
1127 3268 1239 3340 Here-

160 3390 248 3461 lium
279 3412 398 3462 autern
426 3391 541 3463 virum
571 3391 729 3489 alioquin
766 3392 1026 3488 sagacissimum
1054 3415 1173 3461 secum
1200 3391 1238 3460 in

162 3536 323 3583 errorem
355 3511 458 3582 traxit
488 3509 721 3607 Hottingerus
751 3513 798 3584 V.
825 3513 870 3582 D.
927 3513 1013 3582 Eius
1051 3511 1156 3581 enim·
1178 3534 1238 3580 ex·
1275 3577 1278 3582 .

162 3629 351 3726 plicatione
384 3629 572 3722 indoctus,
614 3630 650 3704 h.
676 3631 700 3702 l.
742 3628 786 3700 de
823 3629 960 3727 Lepido
1002 3649 1036 3700 et
1075 3628 1238 3702 Antonio

165 3747 250 3843 reip.
283 3748 442 3822 hostibus
479 3750 641 3823 iudicatis
675 3749 842 3846 cogitavit
879 3778 991 3846 quum
1024 3749 1129 3846 plane
1162 3769 1237 3820 non

166 3865 317 3938 dubium
339 3869 401 3960 sit,
425 3872 539 3943 verbis
565 3897 647 3940 cum
670 3870 779 3939 ambo
809 3871 964 3938 mallent
986 3911 1034 3926 --
1061 3871 1236 3939 emeruis-

166 4000 249 4057 sent
273 3988 543 4085 proscriptionis
569 4015 710 4060 causam
738 4007 771 4058 et
796 3987 969 4084 originem
991 3987 1252 4079 demonstrari„

165 4104 283 4178 Nihili
307 4104 416 4202 igitur
442 4129 493 4178 est
514 4107 649 4180 Herelii
676 4108 879 4180 coniectura
904 4114 1031 4205 „quid
1041 4112 1238 4206 possent.“

167 4223 297 4296 Melius
327 4245 446 4296 autern
475 4227 513 4297 ni
537 4227 641 4298 fallor
664 4227 857 4326 legeretur:
1140 4221 1142 4228 ¹

274 4391 390 4459 „cum
416 4363 528 4436 ambo
560 4369 717 4437 mallent
739 4366 882 4439 civibus
908 4368 1085 4439 nunciare·
1091 4369 1134 4450 ‚cc

953 4487 972 4548 5
