3044 5150
912 579 913 589 Ν
1064 613 1233 669 Ἰ.ιιι

160 790 273 860 tiones
294 804 368 854 non
383 789 579 854 mactasse
636 779 770 856 Verum
788 779 853 854 lios
877 805 998 854 omnes
1010 781 1107 856 locos
1124 805 1230 858 unos

160 924 238 976 esse
266 893 427 995 equidem
454 895 490 966 in
517 889 897 969 Animadversionibus
925 894 1006 968 hnic
1034 895 1125 970 libro
1146 895 1231 970 adii·

161 1011 292 1086 ciendis
314 1007 499 1083 ostendere
522 1007 687 1083 conabor.
746 1009 911 1108 Denique
935 1008 1031 1107 quod
1052 1010 1231 1110 adipsum

161 1126 291 1200 codicis
309 1121 431 1198 Mnrh.
454 1125 662 1223 scriptorem
688 1124 832 1215 attinet,
861 1124 1061 1196 dormitavit
1090 1124 1231 1224 quidem

161 1266 285 1339 saepe,
318 1262 441 1336 ,neque
471 1248 589 1312 tamen
613 1240 729 1310 omnia
759 1262 850 1337 quae
881 1236 1074 1312 editoribus
1104 1249 1139 1312 et
1169 1240 1232 1338 qui

160 1354 303 1428 luerunt
331 1353 451 1451 etqui
480 1363 583 1425 erunt
608 1349 813 1451 scrupulum
842 1353 1002 1452 injiciunt
1024 1353 1109 1424 vitia
1136 1352 1233 1426 solus

160 1467 377 1543 commisisse
412 1466 589 1564 putandus
617 1479 681 1542 cst.
742 1465 836 1541 Nam
864 1467 1063 1566 complures
1095 1480 1259 1540 crrorcs'

159 1581 204 1655 ab
238 1606 280 1654 eo
315 1578 398 1653 inde
434 1592 590 1678 tempore
627 1582 663 1651 in
692 1592 827 1654 textum
862 1580 988 1655 Velleii
1017 1582 1235 1679 irrepserunt

161 1722 232 1796 quo
247 1692 450 1767 maiusculis
472 1693 583 1765 literis
605 1692 761 1764 scribere
777 1690 975 1768 utebantur.
1009 1694 1088 1769 vid.
1103 1694 1233 1768 Rraus.

161 1809 215 1882 ed.
243 1834 325 1907 pag.
340 1804 405 1878 54.
462 1805 631 1878 Testatur
652 1805 825 1904 Burerius
850 1807 895 1879 ad
920 1810 969 1882 Π.
982 1806 1047 1882 29.
1076 1807 1235 1896 codicem

161 1921 283 1996 Murb.
312 1917 423 1993 literis
451 1919 675 2012 minusculis,
704 1923 861 1994 cursivas
890 1934 1036 2014 vocant,
1065 1907 1235 2022 scriptum

161 2061 259 2109 esse:
285 2033 387 2107 nobis
411 2046 528 2107 autem
545 2059 589 2106 ex
613 2035 742 2110 tabella
766 2061 872 2134 quam
893 2034 986 2109 libro
1003 2040 1235 2108 annexuimus

162 2150 255 2223 effici
281 2147 439 2242 videtur,
476 2147 606 2221 librum
637 2149 737 2222 illum
766 2151 916 2222 fortasse
948 2147 1119 2224 Seculum
1139 2149 1235 2224 xlv

157 2289 232 2372 non
245 2263 447 2337 excessisse.
497 2260 627 2335 Omnia
645 2266 737 2338 enim
762 2262 890 2365 quihus
913 2266 968 2336 usi
994 2289 1115 2336 sumus
1132 2264 1236 2362 signa
1265 2286 1268 2291 ·

160 2377 205 2450 ad
234 2376 302 2451 hoc
334 2404 404 2451 sec.
432 2377 616 2474 pertinent

246 2513 348 2606 Quae
388 2538 467 2585 cum
504 2514 553 2584 ita
591 2513 680 2606 sint,
724 2511 882 2585 codicem
917 2509 1237 2585 Amerbaclrianum

161 2628 190 2699 si
221 2653 293 2700 non
326 2627 431 2724 plane
466 2652 657 2726 aequemus
692 2625 833 2700 Burerii
868 2629 1087 2719 auctoritati,
1120 2636 1236 2699 tamen

161 2740 259 2812 nullo
287 2743 391 2813 modo
413 2739 475 2812 vili
503 2740 725 2838 pendendum
753 2767 830 2813 esse
852 2739 1021 2813 ducimus.
1070 2738 1238 2813 Editione

161 2851 324 2924 Rhenani
359 2866 393 2927 et
431 2856 655 2926 annotatione
691 2853 833 2925 Burerii
871 2853 976 2926 simul
1011 2879 1092 2926 cum
1122 2879 1237 2927 exem·

25 2979 27 2984 '
162 2963 252 3063 plari
296 2991 407 3066 nuper
454 2967 546 3039 edito
582 2963 870 3038 Amcrbachiano
910 2976 1054 3038 utantur
1094 2991 1238 3038 necesse

163 3090 216 3151 est
244 3078 355 3152 futuri
382 3079 511 3154 Velleii
537 3078 716 3151 Editores.

246 3212 390 3313 Operae
413 3217 518 3287 etiam
540 3213 692 3312 pretium
719 3214 787 3286 erit
811 3213 964 3284 animum
987 3211 1170 3287 advertere
1192 3213 1238 3286 ad

163 3331 276 3402 vanas
306 3356 397 3428 quae
434 3331 472 3401 in
509 3329 586 3428 ipsa
621 3325 790 3400 Editione
827 3327 984 3424 principe
1014 3330 1239 3426 reperiuntur

161 3444 371 3630 {pomphturasa
401 3442 496 3543 quod
526 3442 582 3516 his
615 3440 740 3514 dicbus
775 3465 846 3512 non
876 3441 951 3515 sine
979 3441 1129 3515 utilitate
1157 3442 1241 3514 fecit

199 3585 237 3632 re
277 3584 331 3631 us.

250 3692 485 3766 Ruhnkenius
508 3692 643 3791 primus
667 3687 774 3780 vidit,
802 3689 840 3759 in
865 3685 1003 3760 duobus
1030 3711 1121 3786 quae
1147 3687 1240 3758 inter

166 3827 203 3871 se
237 3808 397 3880 conferre
425 3804 563 3880 solebat
600 3802 762 3876 editionis
789 3799 1053 3875 Rhenanianae.
1070 3797 1239 3897 exemplis

167 3909 257 3985 binis
291 3917 378 3992 locis
414 3923 528 3992 varias
560 3929 699 3992 exstare
735 3913 914 3987 lectiones.
976 3913 1137 3986 Eandem
1165 3939 1240 3987 rem

170 4021 325 4101 Orellins
369 4036 565 4108 accuratius
609 4033 713 4105 etiam
757 4037 1021 4128 perscrutatis,
1073 4037 1240 4127 quattuor

168 4139 236 4216 ian
263 4143 356 4217 inter
381 4169 422 4216 se
451 4146 648 4222 differentis
677 4142 916 4244 exemplorum
941 4167 1073 4242 genera
1098 4144 1240 4241 reperit.

169 4251 325 4332 Contulit
360 4255 452 4330 enim
486 4258 555 4331 duo
591 4287 682 4358 quae
713 4259 837 4332 Turici
866 4265 948 4332 sunt
977 4255 1159 4356 exempla,
1192 4255 1240 4328 al-

169 4379 279 4444 terum
308 4382 467 4446 notatum
490 4370 634 4464 XXVI,
656 4371 733 4466 56,
761 4373 911 4450 alterum
935 4370 982 4445 R.
999 4378 1071 4464 81,
1098 4371 1239 4446 tertium
