3048 5152
463 1241 529 1295 reu.
542 1242 580 1311 11,
595 1238 653 1294 109.
670 1240 693 1294 1.
712 1261 739 1313 p.
748 1238 800 1294 123
815 1241 855 1296 aa.
870 1217 952 1294 olen.

201 1467 204 1472 Ι
248 1394 387 1470 Buterins,
410 1399 566 1470 Exemplar,
588 1399 685 1470 inquit,
707 1405 847 1470 vetustum
868 1397 909 1452 eie
928 1397 1024 1462 babet,
1046 1398 1077 1447 nt
1098 1391 1189 1462 potine
1210 1393 1251 1446 le-

172 1497 295 1566 gendum
323 1495 476 1552 existimem
502 1501 606 1569 Corpus
637 1517 717 1553 suum
744 1498 909 1553 custoditum
930 1496 1077 1567 imperinm
1103 1495 1250 1566 perpetuis.

172 1605 269 1653 contra
296 1617 337 1668 pr.
368 1601 419 1653 Ed.
443 1618 469 1669 p.
486 1604 524 1660 57
554 1601 667 1654 exhibet
693 1603 798 1672 Corpus
825 1616 906 1654 sunm
934 1599 1058 1653 custodie
1081 1603 1142 1652 tum
1166 1589 1252 1668 impe·

174 1701 248 1757 rinm
268 1708 320 1756 etc.

650 1825 769 1848 Ε

174 1940 330 2050 Iamiam
348 1987 383 2049 a
403 2001 447 2050 eo
464 1993 550 2069 ere,
574 1997 614 2048 ur
635 1976 749 2060 missa
770 1977 924 2052 areum
939 1979 1024 2053 vv.
1039 1977 1122 2052 nu.
1139 1996 1254 2072 reme

174 2096 332 2186 minibus
356 2096 431 2196 ipse
455 2097 553 2170 solus
578 2094 624 2170 ad
648 2095 838 2196 ingenium
859 2097 1106 2197 qualecunque
1131 2123 1251 2173 meum

63 2229 64 2232 ’
173 2213 415 2290 exercendum
449 2215 670 2312 accingerer:
711 2239 823 2312 quum
854 2213 922 2290 hac
958 2216 996 2288 in
1021 2241 1073 2308 re
1115 2216 1253 2314 egregie

171 2333 279 2408 etiam
313 2331 498 2408 adiuvarer
529 2362 550 2406 a
583 2334 761 2433 Sauppio,
797 2333 1026 2408 coniicieute:
1070 2338 1254 2410 Custodia

170 2458 301 2528 tuitus.
375 2453 498 2541 Quum
536 2475 655 2527 antem
683 2454 775 2527 inter
812 2478 936 2528 omnes
969 2473 1119 2551 constet,
1157 2457 1253 2531 simi·

170 2573 362 2650 litndinem
407 2575 666 2648 vocabulorum
702 2574 854 2648 maxime
902 2599 944 2646 ex
990 2577 1119 2650 caussis
1167 2603 1253 2670 esse,

171 2695 303 2794 quibus
339 2695 508 2768 fallantur
534 2694 687 2785 librarii,
724 2693 833 2788 haec,
871 2695 1021 2795 opinor,
1051 2697 1252 2772 coniectura

170 2812 247 2887 loci
267 2813 379 2886 nostri
407 2811 601 2884 rationibus
625 2811 707 2884 satis
732 2813 938 2908 convepiet:

284 2956 468 3049 „Corpus
491 2977 599 3024 suum
620 2957 793 3025 custodia
819 2956 936 3024 tuitus
958 2957 1160 3025 exercitum
1184 2957 1254 3024 im·

274 3077 446 3170 peritum
483 3076 680 3169 perpetuis
725 3074 915 3144 exercitiis
954 3076 1011 3144 cd
1049 3075 1253 3145 Romoesaa

284 3198 506 3289 discpilinae
530 3195 703 3283 formam
727 3196 958 3264 redactum“
990 3191 1121 3266 celeb

172 3334 321 3408 Nemini
349 3361 424 3408 non
450 3333 648 3435 apparebit,
675 3333 784 3404 verba
804 3330 864 3401 illa
888 3346 1035 3426 perpet.
1061 3361 1106 3405 ex
1135 3339 1191 3406 od
1203 3336 1251 3406 R.

176 3460 265 3527 disc.
291 3457 326 3545 f.
350 3483 380 3528 r.
412 3453 458 3527 ad
492 3455 695 3526 exercitum
728 3469 886 3549 spectare
918 3450 1162 3541 Marobodui,
1195 3454 1253 3548 qui

172 3572 335 3648 Romana
368 3573 555 3674 disciplina
596 3573 778 3668 Romanos
823 3595 994 3668 superare
1037 3569 1251 3646 decreverat.

175 3688 421 3776 Quamobrem
458 3693 559 3796 quod
591 3691 685 3764 finiti
719 3691 774 3763 illi
803 3689 964 3790 syllabae
1000 3704 1079 3761 tum
1103 3717 1255 3790 praepo·

174 3809 310 3884 suimus
330 3818 550 3908 exercitum,
575 3839 648 3885 non
676 3809 845 3907 estquod
870 3811 1035 3908 pluribus
1058 3813 1251 3886 firmemus.

175 3926 327 4030 Sauppii
349 3927 468 4007 tuitus
490 3953 524 4004 et
545 3932 609 4004 illo
630 3931 707 4030 ipso
733 3950 768 4002 et
789 3928 928 4002 Orellio
951 3951 1098 4004 testante
1125 3957 1168 4004 ex
1187 3931 1252 4004 illo

95 4077 96 4080 ¹
173 4059 256 4120 tum
286 4049 379 4121 effici
404 4049 520 4123 deber.
576 4050 714 4123 Verum
743 4047 964 4122 desideratur
991 4051 1039 4122 ita
1070 4054 1255 4124 exercitus

171 4164 454 4242 Marcomannici
476 4171 621 4245 mentio,
672 4169 792 4257 Quare
818 4169 987 4266 equidem
1008 4195 1091 4243 eum
1115 4191 1255 4244 tantum

170 4285 208 4359 in
234 4293 348 4364 finem
367 4311 466 4390 grato
489 4291 610 4374 animo
638 4289 737 4391 quod
751 4290 929 4391 Sauppius
953 4291 1081 4365 obtulit
1104 4291 1253 4391 aecipi03

171 4427 210 4480 ut
227 4411 390 4492 lacunam
410 4439 519 4514 quam
548 4433 631 4487 ante
648 4441 680 4502 v,
704 4428 788 4488 tum
805 4439 879 4490 esse
904 4441 1110 4516 persuasum
1123 4415 1251 4510 babeo,
