3044 5150
265 601 313 676 tt

372 791 623 878 „Memoriae
644 789 843 884 proditur,
868 787 1001 885 inquit,
1029 790 1219 884 quasdam
1243 789 1347 862 ocios

373 913 578 984 inclinatae
608 915 689 983 iam
720 936 767 982 oe
800 908 974 983 labantes
1003 935 1030 982 a
1042 911 1206 1004 seminis
1236 910 1347 980 resti·

373 1046 478 1104 tutae
498 1033 712 1117 condentia
729 1057 892 1127 precum
901 1039 928 1078 “
956 1047 1037 1104 cett.

264 1185 380 1287 Atqui
396 1183 434 1260 la
448 1185 473 1259 l.
498 1187 580 1259 luce
605 1183 735 1259 clarius
755 1202 807 1258 est
827 1184 908 1283 ipso
924 1184 1058 1282 plurali
1077 1209 1227 1256 numero
1249 1207 1348 1258 exer·

265 1307 353 1382 citus
376 1307 499 1404 plures
527 1303 736 1402 significari,
771 1303 833 1400 qui
860 1303 932 1377 sint
954 1301 1102 1378 diversis
1123 1302 1349 1400 temporibus

266 1427 428 1500 restituti.
481 1423 564 1498 Hoc
587 1444 703 1496 autem
727 1427 839 1498 modo
856 1450 983 1500 vocem
1009 1426 1111 1495 acies
1132 1421 1239 1497 etiam
1266 1422 1347 1520 plu·

265 1546 330 1619 rali
356 1571 505 1619 numero
525 1543 696 1642 §usurpari
734 1543 791 1617 vix
821 1565 874 1616 est
907 1539 1003 1641 quod
1032 1541 1183 1616 dubites.
1246 1540 1347 1629 Quin

264 1667 383 1764 ipsum
419 1667 522 1739 etiam
553 1663 738 1737 Velleium
768 1663 862 1736 hanc
894 1664 932 1736 in
962 1690 1040 1738 rem
1074 1663 1181 1737 citare
1210 1682 1350 1764 poterat

264 1786 446 1862 Krausius
495 1784 560 1856 Ille
581 1783 694 1856 enim:

379 1943 588 2031 Quaestor,
616 1936 730 2034 inquit
742 1992 753 2030 ,
777 1939 905 2033 primo
931 1964 1032 2010 anuo
1057 1942 1158 2012 acies
1183 1940 1349 2012 hostium

374 2056 572 2132 vidimus?
591 2101 642 2114 -

265 2215 320 2290 lta
345 2213 480 2314 plurali
503 2236 653 2284 numero
677 2213 820 2282 effertur
846 2237 880 2290 v.
899 2211 990 2284 acies
1018 2239 1075 2310 ap.
1097 2213 1196 2287 Caes.
1219 2215 1254 2284 b.
1272 2240 1302 2284 c
1317 2209 1348 2305 Ι,

266 2338 324 2409 82.
347 2338 404 2406 85.
424 2377 478 2391 --
502 2332 549 2404 ite
576 2356 634 2429 ap.
656 2329 735 2404 Liv.
762 2335 820 2421 25,
837 2335 894 2406 54.
929 2332 1088 2430 Agmina
1103 2332 1214 2433 magis
1239 2358 1346 2430 quam

266 2455 359 2528 acies
384 2456 607 2554 pugnabant.
634 2495 687 2510 -
729 2451 910 2553 Recteque
934 2453 962 2526 F
965 2455 1138 2530 renndius
1168 2456 1206 2528 in
1234 2454 1349 2528 lexico

267 2571 366 2670 quod
396 2598 513 2672 nuper
555 2570 666 2645 edidit
690 2571 802 2646 lutino
835 2573 1023 2672 pluraliter
1059 2602 1133 2648 non
1164 2575 1349 2650 collective

268 2693 427 2794 positum
455 2692 624 2790 opinatur
652 2719 684 2765 v.
709 2691 811 2767 acies.
871 2694 1011 2768 Verum
1035 2714 1077 2769 ut
1104 2696 1194 2770 haec
1229 2695 1351 2768 omnia

266 2812 416 2914 probari
434 2811 670 2912 nonpossint,
697 2831 815 2884 tamen
835 2811 904 2887 ht
924 2814 1154 2912 pertinaciter
1171 2815 1349 2889 vocabulo

267 2937 370 3006 acies
393 2935 517 3007 locum
548 2957 622 3006 esse
645 2957 826 3030 negamus.
893 2933 1067 3008 Attendas
1093 2936 1191 3008 enim
1217 2960 1350 3035 quaeso

268 3053 429 3126 animum
451 3049 497 3124 ad
519 3077 559 3123 ea
587 3077 678 3148 quae
706 3050 874 3148 proxime
903 3053 1134 3152 praecedunt.
1184 3055 1352 3150 „Caesar,

268 3172 464 3248 consistens
484 3190 564 3245 ante
587 3169 815 3245 recedentem
832 3199 982 3258 suorum
1001 3179 1132 3251 aciem
1163 3177 1240 3251 Iam
1263 3174 1353 3276 quid

268 3293 381 3390 magis
410 3312 688 3365 consentaneum
723 3319 829 3392 quant
864 3313 904 3366 ut
934 3319 1190 3398 consequatur:
1235 3299 1353 3372 Acies

219 3419 222 3424 ’
267 3416 457 3488 restituto.

345 3596 509 3670 Fortasse
534 3595 787 3669 scribendum:

381 3753 621 3822 Verecundio
661 3751 787 3844 magio
826 3777 942 3846 quam
979 3756 1119 3825 virtute
1151 3757 1256 3854 *acies
1293 3781 1352 3824 re-

377 3873 512 3942 stituto
543 3883 600 3940 eet
637 3896 663 3942 a
689 3868 885 3972 [Caesare]
914 3877 1150 3970 decoquam
1174 3901 1200 3946 a
1232 3875 1354 3947 milite

367 3991 527 4084 fortius.

269 4140 456 4245 Asyndeto
478 4160 620 4216 tantum
642 4145 740 4216 abest
764 4165 806 4216 ut
830 4145 951 4218 locum
978 4145 1038 4217 hic
1063 4171 1138 4219 esse
1162 4145 1352 4246 denegem,

268 4284 309 4338 ut
330 4262 548 4337 coniunctio
574 4279 611 4336 et
638 4264 675 4338 h.
692 4265 717 4338 1.
748 4264 864 4363 posita
887 4265 1087 4340 orationem
1112 4294 1278 4343 enervare
1299 4266 1353 4342 vi·

268 4381 404 4458 deatur.
462 4381 620 4460 Caesaris
651 4409 784 4460 nomen
821 4384 1002 4482 indicans,
1045 4387 1135 4463 olim
1161 4413 1241 4462 mea
1273 4385 1353 4486 opi·
