3048 5152
273 593 321 666 96

271 781 319 858 Et
335 802 559 881 comparetur
574 781 702 856 Cicero
726 780 763 853 in
781 779 881 886 Oret.
907 809 938 855 c.
957 781 1023 854 ult.
1057 779 1271 874 „Eiusmodi
1297 781 1352 854 in-

272 901 382 975 fantia
408 924 450 975 ut
480 903 543 1003 qui
568 929 608 975 ea
633 921 782 974 utantur
808 928 882 974 non
911 902 1012 973 stulti
1035 900 1202 976 homines
1226 901 1351 975 haberi

269 1024 427 1118 possint3
454 1035 493 1094 et
515 1026 595 1098 iam
615 1026 838 1118 plerumque
862 1020 1051 1098 infantes.“
1106 1021 1247 1096 Eodem
1272 1047 1352 1122 per·

203 1185 209 1199 ·
270 1142 361 1214 tinet
391 1140 491 1242 quod
516 1144 626 1242 vulgo
654 1142 854 1241 pleonasmi
878 1142 987 1214 instar
1018 1141 1172 1216 habetur
1198 1144 1353 1216 vocabu-

271 1261 348 1336 lum
386 1288 533 1359 quoque
563 1260 723 1335 additum
758 1262 908 1335 vocibus
941 1277 978 1334 et
1009 1266 1097 1336 iam.
1162 1261 1270 1334 Cuius
1300 1261 1353 1334 rei

271 1385 518 1484 exemplorum
543 1384 675 1456 affatim
696 1384 844 1481 praebet
869 1381 1102 1455 Forcellinus.

523 1732 775 1826 onum
815 1731 1085 1825 mm

581 1897 1128 1974 mmmmfflmmi'

351 2057 477 2136 „Quod
502 2076 669 2138 eoqrwmeu
699 2053 749 2115 illi
774 2057 841 2118 viro
866 2054 982 2118 Planci
1005 2057 1163 2118 sententia
1189 2075 1352 2118 emesenum

267 2173 392 2225 senatus
407 2161 575 2243 populique
592 2157 672 2220 le.
695 2157 844 2219 indidits‘
884 2166 935 2218 Ed.
954 2183 995 2234 pr.
1016 2183 1043 2234 p.
1060 2167 1108 2222 50.

761 2303 863 2326 =

266 2407 469 2540 Nusquam
494 2441 662 2513 locorum
686 2440 803 2513 virum
829 2437 1072 2514 denominavit
1095 2441 1258 2515 Velleius
1282 2439 1348 2512 Di·

266 2588 354 2635 vum
378 2563 581 2658 Augustum
605 2555 643 2630 id
666 2556 767 2656 quod
791 2559 898 2656 plane
924 2557 1130 2632 abhorreret
1155 2562 1199 2633 ab
1225 2559 1348 2632 adula-

267 2680 361 2753 torio
388 2677 517 2753 Velleii
541 2675 710 2774 ingeni03
745 2667 874 2774 quare}
903 2675 1110 2750 Ruhnkenii
1142 2680 1349 2753 auctoritate

266 2821 407 2893 motus,
432 2795 663 2871 scribendum
689 2796 870 2894 suspicor:

365 2921 521 3009 „Quod
544 2943 749 3012 cognomen
779 2920 880 2989 illius
904 2920 1041 2989 virtuti
1065 2921 1215 2991 indidit.
1223 2929 1250 2963 “

268 3041 463 3142 Compares
493 3065 585 3139 quae
611 3037 657 3111 ad
685 3038 846 3139 eaputI,
872 3065 926 3112 11.
959 3038 1108 3111 anobis
1136 3036 1348 3165 dictumue,

267 3180 302 3233 et
329 3160 494 3234 consulas
519 3158 696 3232 tabellam.

556 3525 805 3617 cuum
847 3525 1049 3616 mx

568 3683 1045 3757 mmmmmmmi

345 3837 441 3912 „Coe
466 3860 556 3921 quum
573 3839 638 3902 alia
652 3842 761 3920 prisca
778 3842 949 3901 sevelitate
967 3857 1142 3919 summaque
1160 3836 1347 3908 mutantia,

262 3951 370 4002 uetere
396 3941 549 4004 censuim
580 3963 666 4004 more
694 3945 752 4023 [ae
776 3942 964 4021 severitate]
992 3943 1180 4022 qessisset.“
1226 3946 1276 4000 Ed.
1304 3953 1345 4013 pr.

262 4068 290 4121 p.
313 4054 362 4108 50.

747 4147 844 4168 a

262 4229 422 4337 Accidit
443 4262 479 4336 lu
494 4266 533 4358 l.‚
560 4263 660 4364 quod
684 4265 833 4365 saepius,
861 4284 903 4337 ut
923 4263 1087 4338 librarius
1110 4262 1343 4337 similitudine

262 4410 392 4458 vocum
401 4383 635 4484 falsusquod
625 4413 696 4459 iam
713 4387 823 4460 semel
836 4385 1028 4486 paulloque
1038 4383 1351 4458 autecharusille·
