3044 5150
1233 571 1280 660 55

200 795 473 874 exspectatoque
487 773 623 850 facilius
649 773 880 849 confunditur
902 801 985 848 cum
1010 801 1053 848 eo
1074 774 1176 876 quod
1197 773 1276 850 cod

198 895 319 970 Murb.
341 895 497 968 exhibet:
527 898 600 967 via.
654 894 775 982 Quare
800 894 1047 970 scribendum:

295 1035 393 1122 „Ibi
424 1037 556 1131 primo
600 1037 754 1108 variam
793 1037 1004 1128 fortunam
1046 1040 1280 1133 expugnavit

296 1159 477 1229 virtutc.“

198 1299 355 1371 Fortuna
379 1295 416 1370 h.
431 1295 465 1389 l.‚
494 1295 545 1367 uti
567 1292 675 1368 ethis
702 1295 782 1370 eod.
812 1295 849 1368 in
878 1324 956 1397 cap.
972 1296 1050 1368 Dea
1072 1316 1131 1370 est.
1185 1295 1281 1368 Ver·

199 1420 288 1491 bum
333 1415 564 1516 expugnandi
603 1442 647 1490 eo
690 1443 763 1517 quo
800 1417 967 1491 volumus
1009 1441 1115 1488 sensu
1148 1417 1280 1516 legitur

200 1549 255 1624 (ut
281 1539 443 1637 exemplo
468 1551 561 1626 utar)
590 1535 689 1638 apud
713 1537 785 1612 Cic.
815 1535 942 1610 Parad.
960 1535 1025 1629 IV,
1046 1561 1096 1610 1.:

297 1667 523 1761 „Sapientia
544 1667 713 1735 animum
735 1667 884 1735 vincere
905 1677 943 1734 et
968 1668 1223 1759 expugnare.“

201 1805 274 1880 Sed
302 1803 391 1876 haec
419 1804 603 1877 hactenus.
670 1805 834 1877 Attamen
870 1805 1055 1904 egregium
1089 1803 1282 1903 magnique

201 1924 408 1999 faciendum
440 1923 603 2017 ,succedit
636 1924 805 1997 auxilium
838 1951 882 1998 ex
916 1925 957 1998 iis
993 1951 1084 2026 quae
1120 1925 1282 2024 proxime

201 2043 435 2120 antecedunt:

311 2240 334 2280 ,‚
347 2189 517 2284 Sequens
540 2188 743 2278 fortunam
768 2213 878 2282 auom
898 2188 1055 2272 Caesar,
1075 2199 1282 2282 pervectae

311 2311 351 2380 in
372 2310 577 2397 Africam,
606 2335 722 2404 quam
748 2309 867 2379 occiso
899 2309 1080 2394 Curione,
1112 2309 1281 2378 Iuliana-

310 2457 396 2502 rum
438 2435 531 2502 duce
557 2433 754 2526 partium,
806 2431 1031 2526 Pompeiani
1065 2427 1282 2499 obtinebant

312 2555 515 2645 exercituo,
543 2549 596 2622 ibi
610 2553 742 2645 primo
755 2561 782 2595 “
808 2549 884 2622 rell.

202 2691 305 2782 Quae
333 2718 474 2765 summo
509 2690 586 2764 iure
619 2717 639 2762 a
667 2689 887 2764 Ruhnkenio
921 2689 1150 2790 impugnata,
1185 2691 1285 2765 nullo

200 2811 279 2884 iure
311 2829 345 2883 et
378 2813 421 2883 ab
454 2811 517 2883 illo
551 2831 584 2882 et
620 2838 639 2881 a
674 2811 831 2883 Kreusio
869 2811 1001 2884 intacta
1032 2832 1117 2884 sunt
1156 2810 1285 2884 relicta

204 2931 298 3006 Sunt
330 2933 428 3004 enim
459 2930 537 3004 aine
566 2929 678 3002 dubio
705 2957 725 3001 a
751 2931 862 3004 Beato
896 2931 1074 3006 Rhenano
1101 2931 1190 3002 falso
1216 2930 1286 3003 dis·

204 3053 334 3146 tincta,
360 3072 395 3124 ct
414 3080 434 3124 a
454 3079 519 3124 sua
541 3049 714 3151 adquam
739 3051 924 3149 pertinent
946 3050 1096 3152 periodo
1116 3050 1283 3124 seiuncta.

204 3173 334 3273 Neque
358 3194 476 3246 tamen
506 3169 702 3244 admodum
726 3197 868 3244 necesse
893 3192 963 3264 est,
985 3171 1140 3246 scribere
1159 3171 1287 3245 Ruhn-

204 3294 356 3367 keniana
370 3293 446 3366 illa:
468 3305 674 3389 pervectus
691 3305 748 3363 eat
770 3291 841 3365 sive
856 3306 1148 3389 pervectucque.
1185 3291 1287 3378 Quae

205 3416 313 3488 verba
339 3412 411 3487 sive
436 3441 522 3484 cum
548 3413 848 3513 consequentibus
871 3413 932 3486 lbi
943 3417 1074 3510 primo
1099 3397 1287 3487 cettsiun-

206 3561 283 3628 gas,
308 3533 381 3608 sive
407 3559 449 3606 eo
469 3560 542 3633 quo
566 3554 651 3606 sunt
666 3533 747 3606 loco
770 3535 969 3630 relinquas,
998 3552 1287 3624 commonstrant,

207 3653 307 3748 parvi
329 3654 509 3753 floccique
534 3652 738 3727 faciendam
768 3679 841 3726 esse
872 3652 1107 3726 collaudatam
1133 3650 1289 3724 Acidalii

210 3775 477 3848 correctionem.
533 3772 634 3860 Quid
659 3772 786 3846 enim?
839 3772 967 3846 Caesar
993 3796 1145 3870 sequens
1179 3799 1290 3846 auum

208 3893 440 3986 Fortunam,
484 3893 521 3966 in
566 3893 724 3966 Africam
765 3913 972 3993 pervectus,
1019 3894 1138 3992 primo
1175 3897 1291 3965 varic

207 4013 402 4105 Fortuna,
434 4040 520 4086 mox
551 4013 724 4114 pugnavit
748 4011 846 4085 aua?
871 4058 923 4071 -
971 4013 1071 4099 Quid
1102 4013 1192 4088 haec
1223 4013 1290 4087 tibi

204 4129 358 4206 volunt?
407 4131 506 4206 Num
534 4133 626 4207 duae
652 4135 829 4208 Fortunae
855 4133 988 4208 Velleii
1019 4134 1139 4207 animo
1166 4136 1290 4208 obver-

204 4253 392 4349 saltantur,
415 4255 524 4327 altera
548 4249 686 4348 varia',
713 4253 819 4326 altera
839 4253 1048 4327 Caesario?
1069 4299 1120 4312 -
1163 4252 1289 4346 Vides,

205 4375 322 4448 multo
336 4375 466 4448 melius
490 4400 533 4447 ex
560 4395 679 4446 nostra
701 4373 952 4458 emendatione
969 4373 1166 4465 Caesarem,
1189 4399 1289 4446 auam
