3048 5152
569 995 818 1092 GAPU'!
846 995 1043 1092 nm

524 1159 590 1214 vul.
606 1161 652 1222 II,
679 1157 723 1214 90.
747 1159 771 1214 1.
801 1155 910 1232 ρ.108.
934 1160 974 1214 ed.
996 1159 1078 1216 Orell.

335 1305 505 1389 „Sepultr'a
525 1308 614 1373 bellae
635 1311 776 1375 or'va‘libae
792 1309 1094 1394 coalescentibusque
1109 1312 1187 1392 reip.
1203 1304 1351 1374 'mentre

265 1420 298 1472 et
315 1431 420 1474 eoram
438 1411 540 1474 aliero
553 1434 634 1498 quae
648 1423 712 1478 tom
730 1413 823 1498 lonqo
836 1435 994 1504 ,mmm
1010 1416 1108 1477 serres
1121 1413 1349 1478 manavere?

266 1519 497 1590 Mamm

744 1644 866 1665 a

265 1767 385 1875 Nihil
410 1802 552 1899 attinet,
588 1828 746 1906 repetere
776 1835 868 1909 quae
896 1808 1068 1882 adhunc
1096 1811 1219 1882 locum
1249 1806 1346 1878 resti-

264 1923 441 1996 tuendum
475 1925 644 1998 tentarint
675 1926 913 2028 Interpretes3
952 1954 1109 2028 quorum
1145 1925 1208 2027 qui
1239 1926 1348 2000 verba

264 2068 394 2114 coram
444 2045 564 2114 aliero
611 2071 679 2146 pro
726 2067 903 2146 corrupto
944 2047 1155 2144 glossemate
1201 2041 1347 2138 hahent,

263 2162 426 2235 omnium
454 2163 661 2262 longissime
684 2163 855 2239 videntur
877 2192 897 2236 a
923 2191 1011 2239 vero
1034 2167 1223 2238 oberrasse.
1272 2161 1347 2236 Sed

261 2284 300 2356 in
329 2281 397 2357 hac
438 2284 700 2382 desperantium
745 2284 966 2358 Criticorum
1005 2311 1137 2358 corona
1174 2269 1348 2358 Orellinm

262 2427 407 2502 quoque
434 2403 684 2504 conspicimus.
735 2405 770 2478 Is
792 2406 889 2477 enim
916 2405 1076 2506 Sauppio
1102 2403 1149 2479 V.
1173 2404 1218 2476 D.
1244 2405 1348 2476 obse·

261 2545 394 2621 quutus
427 2523 582 2622 ingenue
610 2514 757 2598 fatetur:
800 2527 963 2618 „Melior
995 2548 1034 2598 ut
1065 2524 1138 2599 loci
1165 2521 1346 2596 medicina

262 2643 459 2741 reperiatur
489 2642 675 2715 exanimo
709 2649 831 2743 opto.“
892 2642 1002 2730 Quod
1033 2644 1190 2720 Helvetii
1222 2643 1343 2716 claris-

261 2760 341 2834 simi
383 2781 548 2861 optatum
595 2763 742 2836 fortasse
789 2764 925 2861 expleri
966 2791 1069 2863 posse
1120 2790 1342 2865 magnopere

265 2880 452 2954 laetamur.

360 3041 492 3144 Neque
524 3045 622 3117 enim
662 3043 885 3139 dubitamus,
929 3071 995 3146 pro
1027 3065 1122 3119 certa
1159 3045 1230 3118 loci
1266 3069 1346 3118 cor·

260 3165 417 3237 rectione
440 3163 574 3237 habere
594 3163 705 3236 haec:

281 3345 285 3354 .
368 3339 390 3378 „
400 3286 764 3382 coalescentibusque
799 3290 892 3384 reip.
926 3287 1103 3358 membris
1142 3313 1236 3358 curo
1268 3315 1345 3359 me·

367 3408 498 3476 liore“

258 3523 359 3611 Quae
388 3521 589 3598 emendatio
614 3524 747 3622 partim
773 3525 949 3620 Heinsio,
978 3524 1178 3599 coniicienti
1201 3541 1270 3616 „et
1299 3547 1343 3594 eo

257 3671 350 3716 curo
368 3645 503 3719 maiore
514 3651 549 3739 ,“
572 3645 701 3745 partim
722 3645 869 3719 Herelio
893 3645 1116 3745 proponenti
1141 3631 1358 3737 „iunctura

255 3769 441 3837 meliore“
468 3765 649 3865 originem
672 3763 778 3838 debet
802 3793 912 3840 suam.

353 3926 498 4000 Deinde
517 3927 734 4001 vocabulum
761 3942 798 4000 et
818 3929 887 4000 nisi
911 3927 1009 4000 malis
1035 3950 1178 3997 mecum
1198 3926 1237 3997 in
1258 3926 1340 3995 eius

254 4066 412 4139 mutare,
433 4047 700 4124 ‘substantivum
730 4045 878 4148 aliquod
912 4070 1161 4144 praegressum
1197 4065 1339 4118 statues.

256 4163 377 4254 Quare
402 4167 551 4240 fortasse
579 4168 713 4242 Velleii
743 4185 795 4239 est
820 4165 906 4241 hoc:
943 4195 1006 4262 „c.
1031 4197 1060 4240 r.
1088 4193 1125 4264 p.
1150 4167 1342 4238 medicina

254 4308 289 4359 et
309 4315 396 4361 eura
424 4290 610 4362 meliore.“
673 4287 855 4362 Voculam
892 4291 972 4360 eius
997 4315 1026 4360 c.
1059 4315 1108 4360 m.
1136 4307 1241 4360 tneor
1273 4285 1338 4358 illo

258 4407 378 4478 statim
392 4407 648 4505 praecedente:
676 4407 792 4504 „Nos
813 4434 990 4482 memores
1010 4407 1239 4506 professionis
1259 4405 1336 4477 uni-
