3048 5152
1175 594 1245 666 113

171 779 355 855 Romanos
384 797 538 878 spectat,
582 777 653 850 hoc
690 797 808 850 antem
843 780 957 878 capita
977 780 1091 858 &XVII
1118 785 1246 858 voeula

171 901 279 972 nobis
302 898 362 970 alii
382 898 600 998 oppositioni
625 897 879 994 exprimendae
901 899 1073 974 inservit..

266 1019 442 1092 Varianae
473 1016 583 1091 cladis
613 1017 791 1115 regionem
830 1017 930 1117 quod
959 1024 1098 1092 saltam
1132 1021 1246 1094 nomi·

171 1140 266 1212 navit
293 1140 454 1213 Velleius
487 1137 576 1210 nihil
608 1138 735 1210 melius
763 1137 851 1210 nihil
872 1138 985 1236 magis
1018 1142 1163 1239 proprie
1188 1140 1242 1214 di-

170 1283 251 1332 cere
294 1259 417 1356 potnit.
498 1258 544 1330 Et
592 1257 685 1330 nihil
729 1277 779 1330 est
820 1257 917 1354 quod
969 1259 1025 1331 alii
1063 1261 1242 1335 intrudere

171 1379 362 1451 voluerunt
390 1381 558 1450 salntem.

250 1497 448 1572 Turbatam
457 1499 648 1573 verborum
660 1510 807 1568 tantum
820 1498 927 1568 nobis
936 1498 1151 1594 positionem
1162 1527 1239 1574 cor·

167 1617 331 1694 reximus.
384 1617 457 1690 Sed
479 1632 585 1688 restat
606 1635 647 1685 ut
672 1612 716 1686 de
740 1595 932 1687 verbis'Ne
947 1632 1126 1713 occupato
1143 1623 1243 1700 ,duee

169 1755 248 1808 oett
275 1762 434 1834 pugnam
450 1732 702 1832 ,ingrediamur
728 1761 810 1804 oum
842 1735 884 1806 iis
914 1736 975 1834 qui
994 1737 1123 1822 Vossio
1150 1736 1240 1812 duce

168 1856 291 1932 locum
321 1872 482 1928 nostrum
509 1852 609 1926 huno
637 1851 856 1948 immodum
889 1854 1147 1953 complendum
1176 1856 1241 1930 du·

168 1995 268 2046 cunt:

274 2121 322 2166 ne
358 2105 538 2188 occupato
573 2095 665 2162 dnae
695 2094 736 2162 in
770 2091 1003 2164 debellandis
1031 2096 1240 2167 Pannoniis

274 2217 436 2284 victores
464 2213 648 2282 Germani
672 2213 720 2280 iis
747 2239 798 2286 se⁴
813 2215 1079 2306 coniungerent
1086 2219 1129 2304 ,·“

167 2331 425 2415 conferendum
464 2331 559 2403 enim
596 2330 808 2402 Suetonium
843 2329 923 2402 Tib.
953 2359 1006 2426 17.
1031 2375 1081 2390 -
1137 2333 1240 2419 Quae

166 2450 293 2524 deinde
323 2473 515 2552 sequantur
545 2452 591 2523 ita
628 2449 838 2548 corrigenda
866 2477 956 2523 esse:
1012 2455 1093 2525 Sed
1121 2479 1238 2526 caasa

166 2586 203 2642 et
221 2599 391 2669 persona
416 2599 562 2645 moram
595 2574 720 2666 exigit.
779 2569 890 2644 Vides
916 2597 1021 2667 quam
1049 2599 1175 2647 manca
1203 2593 1239 2647 et

166 2691 326 2792 adeoque
354 2691 574 2764 mutilissitna
600 2691 669 2763 sint
699 2689 787 2763 haec
819 2691 903 2764 VV.
929 2691 1009 2764 DD.
1034 2695 1236 2768 tentamina.

166 2809 307 2883 Etenim
331 2839 376 2883 ne
402 2833 549 2912 apparet
570 2810 735 2912 quidem,
764 2812 947 2885 crsiusnam
969 2840 1073 2886 eausa
1098 2836 1132 2886 et
1154 2843 1236 2914 per·

165 2956 251 3003 sona
272 2931 418 3006 dicatur.
441 2977 492 2988 -
658 2915 661 2924 ¹

262 3048 483 3147 Comparatis
517 3077 648 3124 vocum
680 3053 853 3122 Fortuna
890 3070 924 3122 et
957 3078 982 3121 a
1015 3079 1075 3123 me
1108 3053 1234 3128 formis

165 3170 311 3268 colliges
346 3197 416 3269 qua
441 3171 577 3243 ratione
610 3198 698 3269 quae
729 3198 795 3275 nos
820 3170 1034 3243 inseruimus
1060 3174 1164 3246 verba
1190 3175 1232 3248 li-

161 3289 272 3361 brarii
317 3289 453 3363 incuria
494 3291 758 3383 interciderint,
816 3291 948 3394 quippe
996 3293 1059 3393 qui
1100 3320 1231 3368 vocum

161 3407 394 3482 similitudine
426 3409 592 3511 deceptus
626 3415 758 3512 putarit
792 3411 926 3484 seiam
951 3437 1062 3509 usque
1093 3411 1138 3483 ad
1175 3441 1230 3488 vv.

161 3556 186 3599 a
202 3557 261 3600 me
289 3529 478 3604 scribendo
504 3533 734 3632 processisse,
774 3560 883 3631 quum
905 3530 994 3603 nihil
1019 3529 1137 3604 adhuc
1161 3532 1229 3606 nisi

160 3641 362 3723 Fortuna
384 3652 495 3727 literis
517 3653 765 3750 consignasset.
835 3653 925 3726 Voc.
950 3677 997 3722 ne
1025 3669 1144 3723 ortum
1176 3671 1227 3724 est

160 3793 202 3842 ex
229 3771 331 3868 signo
352 3777 387 3842 lz
406 3792 449 3829 =
472 3772 570 3848 licet:
601 3771 671 3845 vid.
693 3771 761 3846 tab.
1121 3857 1124 3862 ¹

177 3891 180 3898 ’
259 3891 477 3963 Sententiam
498 3912 637 3962 tuemur
661 3887 703 3960 iis
724 3914 814 3989 quos
836 3906 870 3958 et
890 3885 1076 3980 Kraneion,
1100 3887 1166 3982 vir,
1186 3909 1227 3962 ut

156 4011 285 4082 iterum
314 4010 448 4103 dicam,
482 4006 762 4106 diligentissimus
793 4023 828 4078 et
852 4005 921 4079 hae
955 4033 998 4078 ex
1024 4034 1060 4079 re
1086 4010 1225 4107 probis-

157 4129 246 4202 sime
266 4128 469 4231 interpretis
493 4129 587 4203 viees
613 4147 828 4219 sustentans,
858 4125 1058 4200 dummodo
1086 4129 1225 4228 saepius

154 4275 220 4322 suo
245 4249 355 4348 ipsius
380 4250 526 4324 arbitrio
553 4277 637 4322 usus
669 4249 771 4347 plura
794 4273 887 4322 nova
911 4249 1082 4322 attulisset
1110 4290 1156 4304 -
1179 4249 1223 4320 iis

153 4367 298 4468 inquam
332 4370 421 4444 loeis
457 4395 546 4468 quos
579 4369 753 4446 Krausius
786 4393 927 4466 qnoque
963 4365 1223 4469 comparandos

704 4509 705 4512 ¹
935 4478 956 4538 8
