3044 5150
177 795 280 884 Quae
309 796 621 895 scriptorisverbr
645 798 696 870 sio
719 797 933 897 explicanda
956 818 1055 872 sunt:
1093 822 1260 878 aetorum

176 919 254 992 eius
278 918 528 991 commentarii
557 918 695 991 insertis
724 919 821 992 falsis
855 921 1152 1020 pravitatibusque
1179 921 1261 998 eor-2

177 1039 276 1136 rupti
298 1056 413 1131 erant,
442 1039 512 1112 sive
529 1059 577 1110 'ut
607 1041 677 1112 alio
706 1039 988 1140 quoquomodo
1018 1043 1091 1116 loci
1117 1065 1259 1118 senten-

175 1161 260 1234 tiam
295 1151 524 1258 explanemus
541 1151 570 1232 ε’
594 1160 770 1234 Actorum
810 1163 885 1235 eius
925 1164 1188 1238 commentariis
1225 1185 1260 1238 et
1340 1159 1352 1188 's

175 1281 262 1355 falsa
292 1282 422 1354 inserta
452 1298 553 1354 erant
588 1301 623 1354 et
660 1303 761 1354 erant
781 1280 892 1354 iidem
923 1282 1150 1382 pravitatibus
1179 1311 1260 1358 nor·

177 1402 272 1499 rupti
300 1427 367 1474 ceu
396 1399 589 1500 depravati.
657 1401 791 1475 Vocab.
813 1401 920 1499 falsa
945 1423 1068 1476 utrum
1098 1407 1259 1478 substan·

175 1521 237 1596 tivi
265 1523 349 1594 loeo
385 1519 542 1620 positum
568 1540 690 1616 putes,
729 1549 773 1594 au
803 1520 985 1615 adieetivi,
1020 1543 1061 1596 ut
1087 1524 1259 1598 subintel·

175 1640 305 1738 ligatur
327 1639 427 1736 quod
448 1639 633 1738 praeeedit
656 1664 690 1714 v.
714 1654 823 1734 neta,
849 1640 997 1739 perinde
1026 1665 1088 1719 est.

278 1763 500 1832 Pravitates
523 1758 658 1856 plurali
688 1785 837 1832 numero
867 1759 939 1834 dici
966 1789 1076 1859 quum
1105 1763 1259 1840 dubium

123 1967 125 1972 Ι
176 1880 291 1952 visum
311 1881 354 1952 sit
385 1882 500 1954 amico
523 1878 664 1952 cuidam
685 1907 786 1972 meo,
819 1884 930 1954 affero
952 1882 1051 1957 hunc
1075 1884 1259 1960 Ciceronis

179 2001 320 2074 locum:
347 2057 377 2094 ¹„
391 2004 614 2074 Pravitotes
641 2004 763 2074 animi
789 2016 889 2074 reste
920 2005 1017 2074 vitia
1043 2007 1259 2080 dicuntur.“

178 2118 262 2195 Vid.
292 2120 416 2195 Parad.
440 2121 505 2194 ΙΙΙ.

276 2240 396 2314 Cludii
433 2242 638 2314 coniectura
683 2242 906 2340 „vitiatisque
948 2243 1111 2340 corrupti
1160 2269 1259 2316 eom·

175 2362 376 2434 menterii“
413 2387 456 2434 eo
490 2360 635 2458 quidem
666 2384 818 2462 praestat
854 2362 953 2460 quod
981 2389 1053 2436 non
1083 2384 1135 2438 tot
1162 2365 1260 2438 able-

177 2483 269 2556 tivos
294 2482 506 2556 coniunctos
528 2485 689 2582 praebet:
719 2482 782 2556 sed
806 2506 921 2556 tamen
949 2505 984 2556 et
999 2484 1182 2586 aliquanto
1208 2486 1259 2557 fa-

176 2603 279 2675 cilior
300 2625 351 2676 est
371 2602 574 2676 emendatio
596 2604 625 2674 si
648 2629 716 2699 qua
740 2625 791 2676 est
811 2626 943 2698 nostra,
970 2631 1036 2678 nee
1058 2631 1140 2678 raro
1162 2631 1260 2680 com·

177 2725 302 2821 plures
331 2723 471 2797 ablativi
496 2723 605 2798 vieini
630 2745 723 2798 sunt.
785 2723 859 2802 cfr.
894 2727 990 2798 enim
1021 2724 1119 2800 Caes.
1143 2726 1187 2800 B.
1213 2727 1257 2798 G.

176 2842 223 2916 Il.
244 2846 302 2916 55.
343 2843 489 2980 Hlssffi
531 2867 605 2944 quo
640 2845 769 2918 ultimo
807 2847 891 2920 loeo
926 2869 1063 2946 septem
1100 2846 1259 2922 Ablativi

178 2965 275 3036 iuxta
303 2963 408 3060 positi
436 2965 617 3062 leguntur.

459 3383 713 3476 GAPU'I'
751 3383 968 3482 nm

516 3557 585 3610 ven.
598 3557 634 3610 Π.
646 3553 690 3623 64,
708 3553 776 3626 pet
793 3555 923 3610 eaoren.

261 3704 355 3778 „Sed
381 3705 497 3769 tribuni
521 3709 670 3789 sanquine
691 3711 868 3781 emnnqusn,
886 3705 1075 3788 proscriptio
1102 3701 1261 3768 Ciceronis

177 3803 231 3864 nel
246 3809 362 3868 sanato
382 3806 519 3872 Antonm
538 3831 639 3892 poetro
655 3811 778 3888 finitn.“
805 3819 855 3870 Ed.
875 3834 916 3885 pr.
939 3835 965 3884 p.
982 3816 1030 3872 39.
1073 3814 1173 3869 Melius
1198 3816 1259 3868 cod.

179 3911 290 3965 nmero.
315 3931 436 3990 „pam
455 3915 579 3992 ᾔῃίῑω(

178 4112 221 4217 Ρ
224 4176 265 4220 ro
294 4148 357 4221 illo
385 4157 449 4224 vel
467 4153 565 4252 quod
594 4181 666 4224 una
693 4179 775 4226 cum
797 4151 901 4245 falsa,
931 4179 1039 4251 quam
1064 4151 1257 4224 Rhenanus

175 4268 315 4366 posuit,
358 4269 585 4343 distinmmne
636 4272 781 4346 retineri
824 4272 964 4368 nequit,
1020 4271 1146 4346 Clautl.
1189 4271 1257 4342 Pu·

175 4404 299 4461 teanus
328 4391 465 4488 primus
496 4395 599 4462 velut
623 4392 799 4494 scripsisse
832 4391 990 4464 traditur.
1043 4391 1146 4477 Quae
1170 4417 1256 4462 con·
