3044 5150
455 1018 707 1112 eatur
758 1015 943 1138 xm

515 1181 581 1236 vai.
595 1181 638 1252 11,
655 1179 699 1234 ae.
716 1197 742 1253 p.
752 1175 804 1234 197
812 1179 896 1236 ean.

248 1321 385 1406 „Neque
410 1321 474 1384 ullo
498 1323 531 1384 in
554 1324 692 1404 anapeeti
724 1323 827 1403 aperie
860 1323 911 1383 eui
932 1322 1067 1382 emmim
1097 1324 1244 1384 minorem

171 1425 357 1491 cauum*
397 1435 448 1488 ua.
467 1435 572 1504 perr.

649 1572 764 1594 a:

170 1679 298 1789 Cuius
343 1715 431 1791 mihi
464 1737 605 1810 semper
653 1711 772 1808 imago
809 1712 1034 1806 obversatur,
1077 1715 1145 1788 viri
1179 1716 1242 1786 im·

169 1835 347 1926 mortalis,
383 1833 424 1904 Β.
466 1831 512 1903 G.
547 1829 735 1903 Niebuhrii
776 1829 889 1903 hocce
927 1833 1063 1906 dictum
1101 1836 1243 1933 accepi:

170 1953 378 2045 ‚‚omnium‚
408 1973 585 2053 quotquot
612 1949 658 2022 ad
683 1958 748 2022 uos
778 1952 1023 2050 pervenerint,
1059 1976 1246 2052 poetarum

169 2071 440 2166 „Romanorum
458 2072 657 2173 principem
672 2071 777 2142 fuisse
798 2071 1000 2161 Catullum,
1021 2075 1245 2170 praestantis·

169 2191 360 2291 „simisque
396 2192 619 2266 Graecorum
651 2188 887 2292 scriptoribus
918 2191 1244 2290 aequiparandum

169 2314 375 2410 „neminem
407 2312 615 2388 Romanum
656 2334 727 2386 tam
758 2312 907 2384 naturali
945 2311 1124 2414 diviteque
1156 2340 1246 2389 vena

166 2433 394 2534 „praeditum
420 2436 560 2508 fuisse.“

265 2554 428 2628 Eandem
456 2581 539 2630 vero
574 2579 651 2626 rem
673 2552 709 2626 h.
736 2559 759 2624 l.
797 2579 816 2621 a
845 2553 1069 2652 sagacissimo
1095 2555 1158 2628 illo
1180 2555 1245 2629 Pa·

166 2676 303 2749 terculo
345 2675 454 2747 literis
489 2672 693 2748 mandatam
730 2693 905 2770 putamus.
942 2757 944 2762 ¹
980 2674 1107 2775 Neque
1148 2679 1245 2749 enim

169 2792 404 2864 dubitandum
426 2814 497 2886 est,
520 2793 607 2891 quin
631 2791 824 2864 Catulliani
850 2792 969 2889 operis
991 2795 1160 2893 perfectio
1184 2793 1245 2869 hic

169 2905 353 3010 summope
422 2911 664 3002 collaudetur3
701 2911 809 2982 modo
841 2939 885 2983 ne
913 2941 996 2984 cum
1027 2913 1244 2985 Ruhnkenio

170 2940 441 3108 Marklaueium
476 3032 650 3133 sequaris,
695 3027 959 3102 coniicieutern:
1008 3033 1049 3101 in
1083 3036 1246 3128 suscepti

169 3161 296 3254 aperie
315 3158 464 3248 forma.
514 3151 613 3239 Quid
636 3150 762 3223 enim?
813 3148 912 3224 Num
938 3153 1088 3225 somnam
1110 3170 1246 3224 tantum

170 3273 361 3348 Catulliani
387 3274 504 3372 operia
536 3270 780 3345 admiramur?
830 3270 964 3344 Nonne
998 3272 1112 3344 multo
1134 3272 1245 3370 magia

169 3398 329 3497 ipsarum
354 3395 611 3470 sententiarum
637 3392 728 3466 mira
753 3391 907 3492 quadam
937 3390 1125 3466 dulcedine
1151 3393 1246 3493 capi·

169 3519 278 3592 mur?
327 3518 467 3609 Quare,
493 3513 729 3606 mihicrede,
757 3511 989 3586 scribendum
1011 3534 1077 3586 est:

267 3666 420 3736 „neque
446 3641 521 3710 ullo
549 3641 588 3709 in
613 3639 776 3731 suapeeti
799 3637 925 3730 operia
947 3637 1009 3708 eui
1024 3633 1246 3707 eacumina

268 3763 449 3833 ndnorem
474 3759 698 3830 Catullum“

173 3877 360 3972 Cecumm
388 3899 506 3952 autem
535 3898 586 3952 eat
611 3882 633 3951 i.
666 3905 701 3976 q.
729 3874 912 3975 perfectio.
956 3871 1127 3946 Similiter
1153 3870 1244 3944 infra

169 3995 322 4074 Velleius
336 3996 383 4089 ll,
403 4024 484 4096 109,
506 4027 541 4098 p.
565 4003 658 4093 4193
682 4016 718 4069 et
743 3993 955 4070 Lucretius:

268 4117 474 4213 „Namque
503 4122 582 4192 alie
614 4145 661 4190 ex
694 4119 770 4189 alio
806 4117 1010 4186 clarescere
1046 4114 1160 4182 corde
1188 4113 1242 4182 vi-

950 4235 1084 4306 demus

274 4358 434 4432 Artibus
448 4360 504 4428 ad
520 4381 704 4428 summum
714 4361 835 4430 donec
856 4377 991 4426 venero
1008 4373 1242 4431 maen·
