3048 5152
279 565 328 639 78

277 773 317 828 ut
345 757 475 830 essolet
500 757 539 830 in
568 754 823 852 longobardica
858 757 969 829 seculi
995 754 1096 830 XIV.
1126 757 1306 856 scriptura
1335 785 1354 828 e

277 901 382 950 versu
408 901 483 950 non
510 876 688 983 emineret.

317 1091 318 1094 ,
376 1017 544 1116 Denique
580 1042 653 1088 non
689 1042 835 1116 possum
874 1016 965 1089 mihi
1003 1039 1228 1115 temperare,
1269 1018 1355 1114 quin

275 1140 457 1236 profitear,
486 1135 699 1208 iamdudum
724 1137 813 1208 mihi
837 1135 933 1210 istud
952 1143 1008 1209 ad
1031 1143 1146 1210 ictum
1171 1141 1274 1210 servi
1296 1141 1356 1209 sui

253 1235 513 1357 displicuisse,
549 1258 687 1330 tametsi
724 1280 775 1330 est
817 1262 861 1331 ab
900 1259 1066 1332 omnibus
1108 1257 1208 1358 quod
1244 1259 1354 1332 sciam

276 1379 554 1476 comprabatum.
615 1377 822 1452 Diiudicent
852 1379 1051 1452 Latinitatis
1082 1379 1207 1452 arbitri
1234 1406 1292 1450 me
1319 1397 1355 1450 et

276 1495 451 1570 doctiores
479 1519 514 1570 et
548 1499 722 1572 acutiores
747 1500 921 1572 meliusne
956 1499 992 1573 h.
1025 1501 1049 1572 l.
1083 1498 1200 1573 dativo
1229 1499 1354 1572 adiun-

275 1639 379 1717 gatur
401 1621 550 1692 verbum
578 1619 784 1718 praebendi.
840 1620 968 1710 Quidsi
992 1618 1218 1694 scribendum
1247 1641 1354 1694 esset:

375 1741 466 1831 „ito
496 1753 640 1826 tamen,
668 1755 710 1812 ut
735 1745 791 1811 ad
816 1745 931 1812 ictum
962 1769 1076 1818 servo
1100 1769 1172 1816 suo
1198 1767 1274 1812 nen
1296 1769 1353 1812 se·

368 1863 500 1952 gniter
521 1864 702 1932 cervicem
722 1860 986 1956 praeberet?“

274 1975 329 2050 Ita
350 1976 456 2051 infra:
486 1995 663 2051 extentam
693 1980 867 2055 cervicem
890 1979 1070 2053 interritus
1098 1979 1227 2052 liberto
1252 2004 1354 2076 prae-

273 2097 357 2170 buit.

623 2419 871 2510 mur
900 2423 995 2514 H.

571 2584 683 2644 velt11,
696 2579 741 2636 69.
756 2581 781 2634 3.
799 2601 825 2654 p.
834 2581 877 2637 90.
891 2585 930 2638 ed.
939 2583 1046 2638 Ruhnk.

352 2735 460 2814 „Cum
485 2747 518 2798 et
537 2735 653 2798 Brutus
674 2735 801 2798 utiliter
819 2737 927 2798 ducum
948 2737 1174 2818 praeformidate
1191 2743 1350 2806 viderem·

271 2854 304 2905 et
316 2841 455 2905 Veturius
472 2843 550 2904 nulli
567 2845 684 2938 nomm-t:
698 2864 758 2904 non
775 2854 858 2904 esset
870 2845 1125 2925 postferendur·“
1142 2853 1347 2922 Ed.pr.1r.41.

269 2953 320 3008 Bo.
340 2954 520 3018 Amerbeceh.
546 2952 619 3006 nulli
639 2953 693 3006 noi.

269 3200 524 3310 Ruhnkenius
547 3236 760 3312 vocabulum
781 3238 924 3308 nomini
944 3236 1196 3334 expellendum
1217 3259 1347 3334 censet,

268 3375 392 3457 utpote
426 3378 545 3430 ortum
576 3383 619 3428 ex
654 3354 812 3430 variante
839 3355 1014 3452 scriptura
1048 3363 1225 3457 sequentis
1262 3389 1347 3432 non.

268 3481 437 3552 Attamen
463 3476 655 3550 Graevium
679 3473 734 3546 ad.
760 3473 833 3548 Cic.
860 3473 983 3571 parad.
1008 3475 1074 3568 IV,
1097 3504 1125 3548 1.
1150 3481 1192 3550 ab
1218 3479 1280 3552 illo
1307 3481 1346 3551 in

173 3671 175 3676 .
268 3601 438 3673 auxilium
457 3614 623 3672 vocatum
640 3595 802 3668 Ernestio
825 3594 917 3667 duce
937 3597 1073 3696 fugavit
1096 3598 1343 3672 Gernhardus.

266 3718 444 3817 Equidem
476 3745 586 3817 penes
611 3742 676 3789 nos
706 3709 847 3812 siquid
876 3714 944 3788 hac
965 3716 1002 3786 in
1032 3743 1070 3790 rc
1096 3718 1272 3800 iudicium
1292 3741 1346 3795 est

265 3840 443 3914 hocloco
476 3837 763 3914 observationem
794 3835 972 3932 quandam
1005 3840 1209 3912 confirmari
1241 3857 1345 3937 puta·

266 3959 356 4052 rim,
384 3959 481 4034 euius
505 3985 572 4056 ope
598 3985 711 4056 quum
737 3957 823 4030 alios
854 3957 987 4029 multos
1009 3956 1124 4050 loom,
1150 3977 1226 4032 tum
1245 3959 1345 4032 hunc

266 4079 312 4152 ad
339 4079 520 4152 sanitatem
540 4096 674 4152 certam
696 4076 868 4153 reducere
891 4077 1003 4150 liceat

355 4219 500 4320 Quippe
543 4217 878 4314 animadvertimus,
925 4218 1058 4293 codicis
1098 4219 1345 4292 Murbacensis

265 4339 475 4438 scriptorem
507 4338 673 4436 singulari
708 4337 865 4435 quodam
892 4345 1014 4412 errore
1041 4343 1188 4436 captum
1213 4339 1346 4436 passim
