3048 5152
182 788 305 870 addat:
334 788 471 862 scilieet
503 789 552 861 ite
583 809 623 862 ut
656 790 751 890 priua
790 791 970 890 ec'ripserit
996 795 1076 865 eine
1106 771 1147 866 in
1176 799 1258 868 vita

180 912 258 1004 inq.
285 905 530 1002 memoriam,
564 929 641 981 tum
669 908 796 982 delerit
819 913 895 1006 inq.
922 931 959 983 et
981 911 1047 984 litt.
1071 941 1258 1015 m'super·

180 1026 361 1126 scripserit
393 1053 471 1100 voc.
497 1029 590 1104 vita.
650 1025 790 1113 Quodsi
826 1049 931 1100 notae
962 1028 1057 1102 illius
1084 1032 1128 1104 ah
1157 1033 1258 1107 initio

181 1173 264 1220 casu
295 1166 433 1218 tantum
467 1145 637 1218 omissum
671 1167 723 1219 est
752 1175 783 1221 v.
823 1150 883 1240 in,
924 1148 1028 1222 aliam
1060 1178 1126 1225 nos
1156 1172 1259 1253 atque

183 1292 291 1366 quam
312 1265 467 1338 Orellius
492 1265 682 1365 proposuit
704 1266 899 1340 lectionem
923 1267 961 1340 in
988 1267 1147 1342 medium
1170 1298 1257 1370 pro·

180 1388 344 1481 ferimu53
378 1387 509 1486 quippe
538 1386 770 1460 scn'bendurn
799 1388 1027 1463 coniicimus:
1064 1396 1259 1466 coelestem

182 1511 263 1580 eius
300 1509 555 1603 invictamque
594 1510 826 1580 memoriam.
903 1503 1047 1579 Etenim
1084 1507 1171 1609 quid
1207 1531 1260 1582 est

182 1631 356 1702 caelestis
382 1625 562 1699 vita?'-
598 1626 702 1700 Malis
732 1629 879 1700 fortasse
911 1632 1155 1726 inclitamque
1182 1657 1258 1702 me-

180 1751 352 1820 moriam
402 1746 476 1820 Sed
494 1746 627 1821 dicitur
652 1727 822 1821 adamae
841 1749 1021 1844 invictae,
1046 1750 1259 1852 eteimilitee

180 1867 511 1965 Lucretius1‚95o
537 1867 729 1968 „Corpora
753 1889 928 1968 perpetuo
953 1869 1102 1944 volitare
1127 1871 1259 1947 invicta

179 2013 245 2088 per
266 1992 430 2064 aevum.“

568 2151 660 2251 Peg.
674 2160 726 2230 44.
756 2178 788 2224 v.
808 2162 862 2230 19.

278 2289 328 2385 ss,
345 2295 400 2364 24.
416 2295 449 2364 4.
477 2305 685 2386 superaret.
742 2291 966 2366 Infinitivum
988 2289 1257 2386 superamini·

178 2441 247 2485 nus
262 2411 390 2484 Latine
409 2410 565 2511 pesitum
577 2412 743 2512 putarim,
759 2395 1074 2512 seiibendumque:
1102 2437 1258 2507 supera·

178 2547 287 2606 turae
311 2547 411 2606 erat.-

586 2693 669 2793 Peg·
685 2703 737 2772 46.
768 2721 800 2768 v.
814 2706 845 2774 9.

280 2833 328 2928 H,
352 2839 407 2909 26.
442 2863 472 2909 1.
522 2834 566 2908 In
599 2837 722 2908 vocab.
756 2838 845 2906 aevi
882 2834 1032 2908 offendit
1062 2863 1146 2908 cum
1181 2832 1258 2908 aliis

177 2949 261 3028 W.
281 2954 364 3033 DD.
394 2955 561 3028 Orellius.
618 2955 667 3026 At
694 2952 893 3028 notandum
921 2974 988 3045 est,
1017 2953 1172 3026 Marium
1194 2980 1257 3053 pa·

72 3083 75 3087 '
178 3063 271 3178 trem
301 3053 495 3148 diutissime
524 3075 669 3167 vixisse,
703 3076 817 3146 filium
850 3100 936 3149 vero
970 3074 1121 3146 maxime
1154 3096 1258 3169 pree·
1272 3152 1282 3158 ..

141 3264 144 3272 ,
178 3214 315 3264 matura
338 3181 452 3266 morte
475 3195 663 3292 abreptum
692 3220 782 3288 esse,
809 3192 907 3266 unde
931 3193 1099 3267 facillime
1127 3191 1254 3267 aevis.

179 3314 299 3388 aetatis
318 3317 454 3388 mentio
476 3316 558 3388 fieri
585 3337 736 3414 poterat.

590 3517 672 3616 Pag-
691 3527 743 3596 47.
767 3545 799 3593 v·
816 3532 847 3595 1.

252 3657 333 3752 ·ll‚
356 3663 411 3734 26.
435 3687 466 3734 2.
519 3660 673 3734 Retineo
718 3661 897 3758 volgatam
937 3662 1049 3731 malie
1084 3655 1257 3752 publicis,

181 3777 293 3852 multo
314 3781 440 3854 fortior
465 3781 502 3856 h.
520 3783 544 3856 l.
573 3803 624 3855 est
644 3781 791 3880 pluralis
813 3806 922 3880 quam
947 3777 1143 3878 singularis.

574 3997 657 4097 Pag.
673 4006 725 4075 47.
749 4023 783 4070 v.
799 4008 852 4073 11.

277 4134 325 4226 H,
353 4139 407 4210 26.
428 4141 461 4210 5.
503 4140 696 4226 Quantum
717 4179 769 4195 -
790 4136 975 4236 accessit]
1023 4135 1166 4210 Horum
1182 4161 1258 4210 ver·

178 4257 309 4350 borum
335 4255 385 4330 ¹de
414 4283 520 4330 seusu
551 4255 656 4354 plane
682 4256 905 4331 consentiens
936 4283 1020 4328 cum
1034 4256 1181 4330 Orellio
1207 4256 1255 4329 V.

179 4374 257 4470 lle,
279 4378 387 4452 verba
415 4401 512 4451 nunc
533 4419 584 4452 -.-
603 4379 698 4450 latet
720 4378 772 4452 ita
800 4376 1040 4454 emendarim:
1066 4403 1164 4450 nunc
1181 4378 1257 4447 vin·
