3044 5150
1203 597 1291 681 53'

171 807 314 882 librario
335 808 432 881 enim
454 834 547 881 nova
565 808 673 909 plane
695 829 731 882 et
757 809 799 881 ab
822 809 885 881 illo
901 810 981 905 ipso
1006 825 1123 878 creata
1146 815 1250 880 voca·

172 929 260 1001 buia
287 929 345 1002 'vir
378 927 586 1028 imputanda
615 946 720 1022 suut3
747 927 893 1029 locique
917 953 1037 1001 sensus
1066 925 1252 1002 adiuvetur

174 1048 520 1150 Plusquamperfecti
554 1050 650 1123 illius
676 1043 819 1142 fuerat
852 1075 936 1121 cum
969 1074 1001 1120 v.
1034 1073 1132 1120 nunc
1160 1049 1253 1121 facte

177 1171 413 1271 oppositione.
466 1171 560 1246 Ecce
587 1172 683 1244 enim
709 1197 832 1244 nonne
858 1169 967 1268 magis
989 1156 1124 1270 placet:

283 1317 403 1403 „Non
428 1318 518 1408 fuit
544 1339 669 1389 nunc
703 1311 746 1410 (i.
764 1338 795 1385 c.
832 1308 987 1382 Caesaris
1008 1307 1254 1407 temporibus)

284 1440 410 1508 maior
432 1439 472 1508 in
500 1438 706 1507 Caesarem
732 1458 847 1531 quam
867 1433 907 1501 in
924 1430 1145 1524 Pompeium
1162 1429 1255 1521 fuc-

285 1571 368 1644 rat,
400 1560 503 1654 regis
516 1553 654 1647 fides?

177 1699 355 1773 Voculam
396 1724 496 1771 nunc
532 1695 577 1769 de
610 1692 800 1793 praeterito
837 1715 979 1796 quoque
1011 1710 1177 1786 tempore
1206 1686 1258 1759 rei

179 1821 374 1921 'cuiuspiam
400 1814 719 1916 repraesentandae
746 1839 866 1895 caussa
890 1811 996 1910 poni,
1032 1809 1164 1882 affatim
1190 1807 1257 1880 do·

184 1962 267 2014 cent
290 1938 541 2038 lexicographi.
590 1935 793 2036 Usurpatur
816 1950 855 2004 ut
879 1951 1041 2003 nostrum
1066 1953 1154 2000 nun.

278 2079 347 2156 Sed
381 2081 528 2152 fortasse
559 2099 859 2177 supervacaneum
891 2095 966 2142 non
1001 2068 1066 2142 erit
1099 2069 1260 2142 confiteri

164 2195 269 2275 'mihi
319 2201 424 2276 aliam
478 2223 624 2299 quoque
668 2194 741 2267 loci
786 2190 1000 2264 medicinam
1045 2189 1259 2262 subvenisse.

181 2322 305 2410 Quum
350 2322 446 2393 enim
489 2320 539 2390 ᾶῦ
568 2357 610 2394 =
650 2341 737 2387 vero
784 2312 933 2386 similius
977 2309 1082 2382 etiam
1127 2309 1170 2381 sit
1207 2307 1260 2380 illi

179 2444 229 2523 ἶῶ
254 2489 296 2526 =
322 2471 416 2536 non,
443 2467 550 2540 quam
577 2433 624 2514 ἷιὶ·
645 2437 791 2509 fortasse
819 2435 939 2532 legere
963 2431 1084 2505 malis:

288 2589 414 2678 „Non
431 2587 520 2677 fuit
544 2569 657 2664 occo
683 2580 868 2651 maiorm
893 2577 1117 2658 Caesarem,
1147 2597 1262 2668 quam

289 2712 330 2780 in
354 2709 574 2804 Pompeium
590 2705 751 2795 ficerat,
779 2699 882 2792 regis
905 2733 947 2750 -·
967 2697 1119 2785 fidec.“·

445 3069 695 3166 osrur
729 3057 995 3152 xxxva
1052 2991 1057 3004 ’
1102 2981 1105 2988 ’

501 3223 570 3277 vm
587 3221 626 3288 11,
645 3215 687 3270 ss.
706 3233 733 3286 p.
745 3210 781 3268 77
799 3213 839 3267 «r.
858 3209 946 3266 meu.

264 3381 452 3462 „Nusqraam
472 3386 544 3438 erat
561 3371 729 3454 Pompeias
749 3386 895 3448 corpore,
919 3361 1023 3425 oddtw
1037 3327 1149 3440 usique
1167 3352 1271 3418 lubae*-

181 3492 337 3554 sonene.“
377 3491 430 3546 rr.
450 3505 489 3558 μ.
513 3504 540 3556 p.
555 3485 604 3544 aa.

662 3600 782 3620 ...η-...ὗ

188 3732 332 3840 Orellii
369 3766 502 3839 librum
541 3759 747 3861 priusquam
785 3751 1022 3849 inspicerem,
1065 3740 1266 3818 communi·

188 3889 400 3966 ceremiam
423 3911 506 3960 cum
533 3881 728 3971 Isler021)
754 3898 835 3945 meo
861 3865 1012 3941 eandem
1040 3889 1145 3962 quam
1167 3889 1272 3938 nunc·

187 4029 225 4084 et
257 4007 432 4082 Huthium
460 4004 583 4080 fecisse
612 3996 851 4099 comperimus
883 3989 1147 4062 coniecturam:
1184 3988 1269 4058 iure

228 4203 277 4285 ²¹)
303 4212 358 4283 Qui
375 4213 428 4266 Ιτίι·
448 4241 490 4252 --
515 4210 544 4262 id
572 4209 645 4278 quod
668 4201 828 4278 gratissimo
856 4193 947 4250 animo
975 4211 1095 4266 agnosco
1119 4223 1157 4236 -
1181 4191 1268 4245 incre-

309 4301 389 4374 dibili
408 4285 541 4388 patientia
555 4327 648 4365 omnes
669 4309 755 4362 hasce
775 4303 945 4358 coniecturas
967 4305 1116 4370 autequam
1130 4297 1158 4350 in
1179 4291 1270 4364 publi-

312 4441 376 4479 cum
403 4419 545 4492 prodirent
572 4413 691 4470 examini
715 4409 832 4466 subiecit
854 4403 1059 4462 acuam-imo
1081 4397 1267 4456 asomum
