3048 5152
232 595 345 676 Ι108

271 814 379 893 quam
402 785 481 861 fieri
506 787 615 886 possit
634 783 809 886 aptissime
835 785 977 888 explere
1000 784 1110 860 liceat.
1167 783 1341 886 Intelliges

270 911 365 989 enim
390 908 539 984 verbum
562 907 680 978 tuitus
703 906 806 980 facile
830 927 979 1008 propter
998 907 1196 982 vicinarum
1211 933 1342 984 votum

271 1023 540 1104 similitudinem
567 1024 731 1099 excidere
758 1027 921 1126 potuisse

234 1123 238 1132 ⁴
366 1145 594 1219 Levissimum
613 1144 710 1218 vocis
730 1148 931 1242 imperium
951 1145 1068 1218 littera
1085 1159 1102 1216 t
1121 1143 1240 1222 addita
1264 1174 1344 1222 eor·

268 1267 462 1341 rectionem
499 1263 560 1361 qui
593 1263 798 1364 impugnet,
835 1262 1032 1338 invenietur
1065 1290 1191 1360 uerno,
1226 1293 1342 1368 neque

268 1387 472 1486 quisquam,
508 1381 660 1483 opinor,
694 1384 852 1483 negabit,
886 1384 1084 1458 contortius
1116 1411 1189 1460 esse
1213 1385 1342 1462 Ruhn-

267 1505 462 1579 lsenianum
487 1501 597 1576 illud:

277 1609 279 1614 ’
376 1625 583 1719 Imperium
612 1625 810 1719 perpetuis
843 1625 1033 1700 exercitiis
1058 1627 1222 1697 exercitu
1238 1652 1343 1722 pene

374 1786 426 1803 ·-
449 1748 616 1818 redacto.
1277 1739 1279 1744 ’

267 1865 473 1941 Vcahulum
491 1864 667 1954 exercitu,
686 1860 717 1934 si
732 1859 821 1960 quid
830 1859 948 1956 tideo,
962 1861 1080 1936 statim
1095 1884 1177 1964 post
1183 1890 1216 1940 v.
1226 1867 1344 1961 impe·

266 1987 366 2057 rium
395 2003 549 2083 ponatur
582 1981 650 2054 nisi
677 1969 820 2092 neeesse
847 1982 910 2073 sit,
955 2002 991 2055 at
1026 2003 1121 2056 certe
1148 1983 1343 2084 elegantiae

267 2104 478 2178 conveniret.
527 2100 570 2174 ln
592 2101 669 2198 ipso
699 2098 824 2173 codice
848 2101 973 2175 Murb:
988 2103 1154 2176 exstitisse
1180 2105 1342 2180 confido:

268 2226 528 2296 custoditum..
569 2218 612 2293 In
639 2218 899 2320 antiquioribus
931 2241 1049 2294 autem
1080 2221 1185 2297 coda
1212 2227 1344 2326 scripta

265 2344 406 2416 inerant
421 2341 525 2414 haee:
550 2334 948 2413 custodiatuitsieitum.
1003 2339 1134 2426 Quam
1147 2341 1208 2414 hie
1232 2347 1343 2420 verbo

266 2463 401 2534 xcitum
425 2458 688 2560 superimposui
707 2459 886 2532 lineolam
899 2461 1183 2554 circumflexam,
1210 2465 1346 2566 sumpsi

266 2607 332 2680 pro
357 2581 420 2653 illo
446 2581 628 2652 literarum
654 2578 841 2676 artigua,
870 2577 971 2678 quod
990 2578 1118 2653 videsis
1141 2609 1196 2681 ap.
1239 2579 1345 2658 Mait-

266 2719 354 2772 nent
378 2702 403 2775 l.
426 2701 450 2774 l.
506 2696 734 2772 Manifestum
762 2699 872 2796 igitur
902 2718 974 2792 est,
1010 2698 1211 2797 librarium,
1246 2706 1344 2806 equi·

266 2817 351 2892 dem
378 2819 408 2891 si
439 2844 520 2893 vera
551 2816 721 2910 viderim,
764 2817 995 2891 similitudine
1028 2820 1121 2893 illius
1154 2851 1261 2923 quam
1288 2845 1345 2900 ter

267 2941 451 3039 repetitam
476 2937 610 3039 putarit
631 2938 785 3041 syllabae
808 2942 866 3010 tui
893 2939 1125 3041 (tuitxcitum)
1154 2943 1344 3020 inductum

267 3059 419 3160 quaein
447 3058 568 3134 medio
590 3079 711 3152 etant,
739 3058 906 3132 omisisse.
1197 3075 1202 3087 ’

535 3445 780 3538 ΟΔΡἩ·
816 3448 1074 3540 um

556 3603 670 3678 vuar,
687 3604 746 3659 112.
758 3606 783 3660 a.
802 3625 830 3679 p.
841 3605 893 3672 128
913 3611 954 3665 aa.
966 3611 1049 3666 oran.

345 3756 494 3836 „Quanto
513 3780 580 3822 eum
603 3770 843 3842 tentparumeato
866 3761 958 3825 simul
978 3763 1196 3826 utilitatum
1214 3764 1345 3828 meme

265 3855 333 3922 iate
350 3862 545 3943 insperatum
562 3865 617 3944 aqi
631 3863 796 3928 viduum
839 3871 890 3928 Ed.
909 3889 949 3942 pr.
970 3889 994 3942 1³·
1006 3870 1055 3930 59.

750 4009 863 4029 Q

264 4097 541 4236 Rutulum,
568 4142 651 4216 unet
680 4142 785 4216 eum
812 4169 913 4218 suam
948 4148 1130 4247 quandam
1163 4149 1344 4224 consecu-

263 4281 343 4338 ratn
373 4281 646 4356 commemoret,
661 4311 663 4316 .
681 4281 795 4334 tamen
833 4289 900 4361 pro
933 4293 973 4338 ea
1002 4295 1075 4368 qua
1110 4288 1162 4342 est
1194 4266 1347 4352 eandida

263 4379 463 4481 integritate
510 4379 609 4467 aliud
652 4401 771 4456 censet
824 4383 1025 4462 remedium
1067 4388 1344 4490 exspectandum
