3044 5150
212 801 280 874 lroc
306 801 411 874 modo
428 793 648 906 ἀρχετύπου
677 801 794 888 studio
823 801 925 902 leges
951 803 1214 902 scripserimus?
1234 845 1284 862 -·

215 913 284 990 Cui
321 927 361 988 nt
396 941 500 1015 vam
530 915 789 990 accuratissime
805 916 1109 1015 respondeamus,
1149 919 1284 996 vdicturi

214 1056 334 1102 sumus
429 1095 432 1103 .

178 1247 278 1335 ·I)c
305 1247 485 1358 critico,
528 1247 603 1364 qui
633 1277 749 1335 nuno
778 1253 950 1356 exstat,
979 1247 1038 1336 ad
1065 1221 1285 1341 Velleium

623 1371 857 1477 apparatu.

297 1503 429 1578 Beatus
458 1502 652 1577 Rhenanus
680 1503 967 1578 Seletstadiensis
994 1533 1106 1599 anno,
1137 1518 1178 1580 ut
1206 1508 1282 1606 ipsc

143 1631 145 1635 '
212 1630 312 1718 putat
328 1613 387 1716 *),
415 1617 571 1694 MDXV
598 1619 635 1688 in
664 1618 832 1693 coenobio
849 1619 1160 1696 Benedictinorum
1181 1621 1283 1696 Mur·

212 1732 375 1823 baccnsi,
420 1733 458 1802 in
485 1727 625 1802 Alsatia
655 1733 827 1831 superiori
864 1735 951 1826 sito,
985 1736 1127 1810 invento
1161 1733 1282 1809 codice

212 1844 418 1936 Velleiano,
451 1845 703 1944 quinquennio
723 1855 805 1946 post
832 1845 992 1921 Basileus
1021 1852 1114 1950 typis
1148 1849 1283 1923 Frobe·

95 2033 97 2036 ,
213 1962 328 2032 nianis
371 1957 513 2032 excudit
549 1962 741 2058 principem
781 1959 961 2057 scriptoris
1005 1963 1203 2037 editionem.
1236 1952 1290 2018 —ss

216 2073 327 2148 Cuius
351 2074 512 2147 editionis
527 2077 734 2174 priusquam
757 2073 815 2170 vel
839 2073 911 2145 ulla
933 2075 990 2147 vel
1018 2080 1136 2149 omnia
1167 2103 1282 2151 exem·
1316 2115 1319 2120 ·

213 2186 269 2286 pla
304 2191 340 2259 in
375 2189 557 2286 publicum
584 2188 795 2288 prodiisent·‚
830 2189 981 2261 loannes
1010 2185 1182 2262 Albertus
1211 2193 1282 2262 Bu·
1323 2177 1325 2184 ¹

112 2365 114 2372 ,
213 2303 325 2374 nerins
354 2329 471 2396 „casu
498 2308 655 2403 inspecto
684 2304 816 2377 recenti
842 2301 935 2375 libro
959 2303 1150 2377 erratulum
1172 2304 1282 2401 quod·

214 2417 324 2508 „dam
358 2416 609 2516 deprehendit,
645 2415 877 2492 leviuscnlum
908 2418 1051 2517 quidem
1081 2416 1188 2509 illud,
1220 2415 1283 2490 sed

215 2532 335 2623 „adeo
372 2559 444 2605 non
489 2534 588 2628 leve,
639 2537 726 2633 quin
760 2532 907 2631 dignum
945 2531 1124 2605 videretur
1161 2530 1281 2604 obsec·

215 2659 348 2738 „vatnt
396 2661 501 2749 atque
531 2676 576 2722 ex
609 2648 677 2721 hoc
712 2675 783 2720 nno
812 2658 949 2719 caetera
963 2648 1093 2719 *omnia
1125 2657 1283 2745 spectare

214 2810 237 2852 „
247 2765 385 2861 coepit,
418 2775 594 2838 vetustum
622 2762 748 2839 Velleii
777 2753 932 2835 codicem
969 2787 990 2832 a
1019 2761 1075 2837 lo.
1105 2758 1284 2834 Frobenio

215 2888 408 2973 „repetens
436 2881 551 2950 animo
587 2876 790 2950 conferendi
822 2878 907 2948 cius.
970 2873 1130 2948 Contulit
1164 2875 1284 2973 itaque

215 2991 423 3080 „Velleium
455 3021 474 3064 a
505 2995 619 3090 capite
651 2988 777 3089 (quod
813 2987 937 3088 aiunt)
981 3000 1095 3087 usquc
1133 2986 1179 3068 ad
1213 2986 1282 3060 cal-

215 3109 349 3198 „ccm“
368 3105 433 3204 **).
494 3104 789 3199 Quacollationc
814 3104 908 3176 faeta
932 3104 1082 3201 quaein
1104 3099 1196 3174 libro
1220 3102 1282 3174 im·

212 3246 337 3319 presso
379 3220 656 3317 deprehenderat
698 3218 782 3290 vitia
827 3227 863 3289 et
900 3227 1014 3290 errata
1051 3214 1161 3290 literis
1202 3242 1283 3288 con·

214 3338 361 3435 signans
382 3334 434 3407 illi
449 3333 575 3408 Velleii
602 3332 746 3406 editioni
766 3358 849 3404 suas
874 3329 1182 3424 „Emendationes
1198 3328 1285 3405 Vel·-

214 3450 347 3526 leianas
376 3476 420 3522 cx
447 3447 565 3521 codice
596 3459 734 3520 vetusto
742 3450 765 3492 “
795 3445 1030 3518 annectendas
1059 3446 1200 3518 curavit.

300 3585 425 3682 ltaque
458 3582 514 3656 bis
550 3583 699 3656 collatus
731 3592 805 3655 crat
831 3579 943 3655 codex
977 3579 1106 3655 Vellcii
1135 3578 1281 3655 Murba-

216 3701 345 3772 censis:
384 3709 419 3773 et
457 3693 501 3772 ab
539 3696 714 3770 Rhenano
751 3707 786 3768 ct
822 3721 841 3766 a
872 3695 1033 3767 Burcrio.
1117 3692 1193 3767 Sed
1225 3691 1282 3764 his

217 3811 340 3884 diebus
366 3815 615 3912 cognovimus,
651 3811 790 3884 tertiam
819 3836 960 3910 quoquc
989 3804 1146 3882 eiusdem
1177 3806 1282 3880 colla·

216 3925 346 3996 tionem
378 3931 573 4001 institutam
607 3926 728 4000 fuisse.
782 3923 889 4025 ¹Ilico
923 3923 1077 3997 codicem
1107 3919 1281 3994 Amerba·

216 4036 396 4131 obianum,
423 4041 583 4116 Basileac
610 4048 826 4115 asservatum
856 4049 892 4111 ct
908 4063 1022 4136 nuper
1039 4034 1084 4108 ab
1103 4039 1154 4111 lo.
1179 4034 1283 4134 Casp.

215 4149 353 4226 Orellio
381 4151 425 4226 V.
449 4155 505 4228 Ill.
532 4155 666 4255 publici
700 4155 787 4226 iuris
817 4155 957 4227 factum.
1025 4152 1093 4225 Est
1128 4150 1196 4226 hoc
1227 4177 1284 4226 co·

276 4337 720 4413 ommmmmss

266 4423 301 4498 ··)
328 4424 389 4480 vu.
409 4425 485 4481 ven.v
500 4423 542 4477 aa.
564 4426 653 4482 nuen-
676 4443 744 4496 none
762 4447 787 4497 n·
802 4430 847 4485 ⁷⁰·
