3044 5150
284 603 335 678 48

383 793 517 868 Rerum
543 820 563 864 a
588 791 628 869 C.
654 789 818 880 Caesare,
842 791 1042 866 libertatem
1066 789 1217 890 adepto,
1246 809 1359 889 gesta·

285 939 366 987 rum
396 937 478 984 eum
510 929 601 1011 puto
627 908 795 983 ordinem
819 910 944 1004 fuisse,
976 932 1017 984 ut
1043 910 1203 1011 primum
1230 911 1358 1008 piratas

284 1031 382 1105 cruci
416 1030 583 1122 affixerit,
618 1025 748 1100 deinde
778 1051 861 1100 vero
895 1029 986 1130 regis
1020 1031 1241 1130 praefectum
1273 1055 1357 1128 pro·

283 1153 397 1227 vincia
437 1151 570 1250 quippe
610 1175 718 1248 quam
754 1147 879 1222 Iunius
920 1170 997 1221 tum
1036 1150 1211 1222 obtineret
1247 1175 1358 1248 expu-

283 1273 374 1344 lerit
422 1271 520 1342 Suet.
552 1267 650 1340 Caes.
668 1273 698 1340 4.
726 1269 804 1360 „ab
830 1267 984 1362 Rhodo,
1010 1268 1145 1368 inquit,
1176 1295 1248 1369 quo
1278 1296 1356 1368 per·

282 1390 444 1464 tenderat
475 1387 609 1459 transiit
641 1387 678 1458 in
702 1385 840 1460 Asiam:
876 1389 1080 1487 auxiliisque
1105 1389 1295 1463 contractis
1323 1408 1358 1461 et

282 1510 462 1609 praesecto
487 1504 578 1601 regis
600 1504 783 1603 provincia
808 1506 953 1605 expulso
977 1527 1141 1580 nutantes
1167 1534 1208 1579 ac
1231 1505 1356 1580 dubias

282 1629 436 1703 civitates
462 1623 605 1699 retinuit
634 1625 671 1697 in
694 1623 802 1697 fide.“
878 1625 970 1698 Mihi
1004 1625 1131 1698 Iunius
1155 1647 1253 1700 metu
1274 1653 1356 1726 per·

282 1748 399 1822 eulsus
434 1749 656 1846 provinciam
680 1773 784 1834 suam
818 1747 999 1848 reliquisse
1031 1745 1179 1822 videtur⁴
1245 1747 1355 1820 Cuius

283 1867 427 1968 quidem
453 1888 579 1942 conata
600 1893 714 1966 quum
740 1887 774 1938 et
796 1867 953 1966 alioquin
975 1867 1112 1966 saepius
1132 1889 1209 1939 tum
1235 1866 1356 1966 piratis

283 2013 357 2060 nou
385 1985 537 2060 venditis
565 1985 626 2060 sed
652 1987 782 2060 necatis
806 2014 867 2059 sua
891 1990 1011 2060 solum
1037 1988 1244 2060 auctoritate
1271 2013 1354 2072 usus

279 2107 377 2180 irrita
403 2107 489 2180 fecit
517 2106 651 2179 Caesar.
712 2104 844 2199 Vides,
876 2133 934 2178 me
963 2109 1118 2206 primam
1143 2107 1267 2207 eapitis
1291 2132 1353 2205 pe·

280 2225 421 2300 riodum
446 2225 498 2299 sic
522 2225 657 2324 legere:

385 2349 564 2442 Longum
593 2359 650 2416 est
678 2371 841 2418 narrare
869 2349 964 2442 quid
996 2360 1034 2416 et
1063 2349 1208 2442 quoties
1236 2373 1352 2420 ausus

386 2469 455 2551 sit,
484 2472 625 2560 quonto
646 2491 765 2560 opere
791 2481 928 2538 conato
953 2471 1044 2554 eius,
1073 2471 1139 2562 qui
1161 2468 1352 2540 obtinebat

386 2585 543 2671 Asiam,
588 2588 838 2680 magistratus
875 2591 918 2659 P.
962 2589 1010 2660 R.
1045 2600 1150 2658 motu
1184 2615 1250 2660 suo
1287 2593 1351 2661 cle·

385 2707 594 2780 stituerit.“

278 2821 414 2917 Morus,
430 2823 573 2925 opinor,
592 2824 614 2900 i.
631 2847 683 2898 est
698 2855 731 2926 q.
750 2826 940 2923 impulsus,
954 2825 1152 2911 instinctus,
1198 2846 1348 2898 ostrum:

276 2946 448 3019 Antrieb.
505 2944 588 3017 Huc
612 2946 709 3018 enim
737 2947 868 3020 referre
894 2945 978 3016 licet
1006 2969 1128 3016 omnes
1150 2853 1249 3017 geos
1270 2946 1347 3046 qui-

275 3065 341 3137 bus
368 3079 495 3137 motus
519 3091 586 3165 pro
615 3081 738 3140 oestro
768 3065 906 3139 dictum
933 3065 1011 3138 vult
1040 3064 1067 3138 F
1069 3065 1282 3137 orcellinius.

560 3455 814 3548 otnu't
855 3449 1064 3548 xm

597 3619 663 3672 var.
676 3619 715 3688 11,
733 3614 776 3672 as.
793 3635 820 3690 p.
829 3613 874 3671 71.
893 3616 1038 3671 suoru..

354 3765 427 3842 „Id
440 3771 542 3850 φαιίε
568 3789 609 3832 ors
629 3781 758 3851 accepto
783 3769 900 3830 centies
927 3765 955 3829 S
961 3766 1041 3828 -H
1066 3769 1128 3848 (stc)
1150 3770 1283 3848 feeerit,
1309 3779 1345 3832 ut

272 3873 461 3951 accepim,
481 3874 514 3933 in
529 3873 632 3934 mdio
648 3871 884 3956 reliuffloemmf‘
923 3878 976 3930 lto.
994 3893 1035 3946 pr.
1051 3894 1078 3946 p.
1087 3879 1136 3936 33.

751 4015 861 4040 =-·''-'¹'

270 4095 457 4232 Egregie,
482 4155 522 4206 ut
547 4135 656 4227 solet,
691 4134 831 4234 Lipsius
852 4134 959 4208 scribi
992 4137 1092 4210 iubet
1126 4141 1341 4232 sexcenties,

270 4252 416 4328 Valerio
447 4252 605 4328 Maximo
640 4254 831 4355 Cassioque
857 4256 980 4330 ,Dione
1013 4259 1215 4332 auctoribus
1247 4284 1342 4332 usus.

269 4371 436 4459 Quorum
474 4371 534 4448 hic
574 4375 696 4468 tradit,
743 4378 843 4452 omni
885 4405 965 4454 sere
1001 4381 1143 4472 duno,
1182 4406 1255 4481 qno
1288 4380 1343 4452 in·
