3048 5152
564 847 829 1000 'aaran
868 905 1082 1000 xum

586 1123 588 1134 ,
608 1071 674 1125 vat.
685 1071 722 1139 11,
740 1067 799 1122 ιιι.
815 1065 902 1141 „naa
917 1069 1048 1124 uorat.

373 1223 474 1300 „Quo
494 1222 614 1304 qrtidem
641 1233 777 1302 ternpore
800 1231 835 1284 at
854 1221 1005 1302 pleraque
1025 1222 1137 1302 iqnaue
1163 1215 1364 1284 Genuam

291 1327 338 1386 ila
358 1323 478 1388 Druna
498 1328 551 1408 qui
566 1347 587 1387 a
603 1337 698 1406 patre
719 1326 751 1385 itt
769 1325 805 1386 t'd
825 1326 955 1404 ipsunt.“
995 1331 1045 1382 Ed.
1064 1347 1105 1398 pr.
1126 1347 1153 1398 p.
1168 1329 1216 1384 66.
1245 1399 1249 1404 Ι

761 1470 858 1479 -—-·-—-
864 1473 873 1480 ι

762 1481 881 1491 ——a

291 1570 389 1678 Satis
419 1607 511 1679 clare
544 1604 796 1679 Germanicum
829 1631 848 1674 a
881 1601 1023 1678 Velleio
1058 1603 1254 1702 vituperari
1286 1629 1361 1677 non

291 1725 448 1824 potuisse
474 1723 625 1797 ostendit
648 1727 862 1817 Baedorus,
888 1722 1144 1824 Ruhnkenius,
1172 1725 1240 1798 alii.
1263 1757 1268 1766 *⁴
1293 1725 1362 1797 Re·

290 1866 453 1946 pugnant
475 1847 665 1943 praecipue
688 1865 758 1918 tres
781 1845 834 1916 illi
857 1869 947 1942 quos
962 1842 1197 1916 Ruhnkenius
1214 1871 1362 1942 cognos·
1454 1941 1456 1946 Ι

291 1990 370 2037 cere
405 1965 520 2059 iubet,
556 1964 685 2039 Velleii
715 1965 785 2037 loci
822 1963 868 2035 II.
893 1964 976 2034 116:
1010 1965 1159 2057 Magna
1195 1969 1235 2036 in
1268 1966 1361 2035 bello

288 2087 504 2158 Delmatico
531 2090 787 2183 experimenta
810 2084 963 2166 virtutis
977 2084 1030 2168 in
1054 2087 1191 2155 multos
1218 2111 1263 2156 ac
1293 2077 1364 2172 clif-

277 2209 405 2298 ficiles
435 2210 536 2276 locos
561 2210 799 2302 praemissus
838 2209 1094 2280 Germanicus
1144 2203 1363 2299 II.129,2:

293 2327 720 2422 Quibucpraeceptis-
749 2326 1039 2430 magnitudine?
1065 2347 1100 2398 et
1122 2325 1251 2426 paullo
1265 2343 1363 2423 post:

289 2447 317 2544 ᾗ.
336 2451 375 2518 5:
415 2449 577 2538 Quanto
586 2447 839 2546 provincias?
895 2446 1005 2532 Quod
1031 2445 1194 2548 quamvis
1213 2436 1364 2516 omnino

288 2566 520 2662 accipiamus,
554 2567 666 2638 nihilo
701 2588 818 2640 tamen
847 2567 961 2678 secius
996 2567 1101 2639 etiam
1131 2593 1150 2636 a
1184 2563 1364 2638 verissima

288 2729 339 2742 —-
362 2711 467 2781 quam
485 2708 589 2790 vocat
605 2679 778 2759 Krausius
801 2729 845 2742 —
869 2687 1074 2760 Ruhnkenii
1099 2683 1364 2759 emendatione.
1437 2758 1443 2775 ι

288 2807 396 2940 „egit
417 2812 547 2877 nave“
573 2785 812 2880 recedendum
837 2807 1010 2880 ducimus.
1050 2789 1244 2879 Abhorret
1268 2804 1365 2876 enim

288 2921 426 2998 animus
464 2953 483 2999 a
522 2928 646 3028 quovis
687 2928 889 3033 violentiori
929 2925 1149 3000 curendandi
1186 2925 1362 3038 periculo.

287 3045 509 3144 Faciliusque
551 3047 590 3120 ni
635 3049 742 3121 fallor
786 3025 872 3154 legi
891 3048 1017 3146 possit:
1063 3061 1146 3141 ut„
1175 3050 1365 3144 pleraque

288 3167 472 3259 ignovit.“
521 3165 573 3238 Ita
596 3167 798 3240 Germanici
818 3147 943 3240 lenitas
968 3168 1133 3268 mitisque
1157 3184 1279 3264 utpote
1304 3163 1366 3236 ad·

287 3285 492 3357 olescentuli
516 3286 669 3358 militum
694 3287 851 3359 tractatio
885 3287 1110 3388 componitur
1143 3313 1226 3358 cum
1251 3284 1367 3383 prisca

289 3406 501 3506 antiquaque
540 3407 651 3478 Drusi
683 3409 873 3481 severitate.
936 3408 1119 3482 Mitiorem
1151 3406 1366 3478 maturitate·

289 3553 358 3626 que
382 3545 562 3600 carentem
578 3525 801 3623 imperatoria
821 3527 1076 3600 Germanicum
1091 3526 1264 3624 significat
1277 3523 1364 3600 Vel-‚-

286 3647 383 3720 leius.
437 3647 486 3720 Ut
506 3646 740 3719 Germanicus
765 3647 881 3740 mitis,
909 3649 957 3720 ita
983 3645 1094 3719 durus
1120 3663 1195 3719 erat
1210 3645 1363 3716 Drusus.

287 3767 527 3841 Scriheadum
548 3767 672 3866 igitur:

398 3943 421 3980 ‚‚
437 3891 519 3978 Quo
553 3893 704 3986 quidem
733 3902 901 3984 tempore
927 3899 969 3958 ut
986 3890 1175 3982 pleraque
1203 3887 1370 3979 ignovit

399 4009 647 4080 Germanicus
665 4011 722 4078 ita
739 4006 892 4078 Drusus
913 4048 962 4062 -
978 4008 1113 4100 prisca
1131 4007 1366 4100 antiquaque

395 4131 598 4200 seueritate
615 4154 704 4200 usus
719 4124 1141 4222 gladiis-obsidentes
1158 4123 1365 4196 evercuit.“
