3044 5150
1174 713 1175 716 ,
1220 607 1268 680 23

295 794 435 883 Quibus
473 794 694 893 praemissis,
731 819 837 894 rpem
874 795 931 869 rix
959 797 1037 870 fore
1072 797 1132 894 qui
1161 780 1266 870 edem

197 916 458 1014 perseveratio
486 915 757 990 Ruhnkenisnis
785 917 858 990 illis
883 922 970 1010 „ad
994 919 1267 992 vindicandam

196 1039 373 1110 maximis
414 1038 595 1130 periculis
632 1037 902 1131 rempublicam
936 1039 996 1110 usi
1032 1048 1142 1108 eraut
1182 1045 1268 1109 eo.“

197 1153 359 1253 Namque
380 1181 425 1226 nc
454 1154 498 1228 de
525 1183 602 1229 voc.
624 1181 742 1248 remp.
769 1155 915 1253 quidem
942 1156 1150 1231 accesserim
1172 1156 1264 1229 Viro

195 1275 269 1369 Ill,
309 1275 373 1349 sed
408 1276 620 1351 Burmanno
656 1295 800 1350 auctore
836 1279 1019 1372 populum
1053 1277 1267 1374 scripserim,

196 1423 306 1494 quum
335 1398 417 1494 qnia
444 1397 479 1470 in
509 1416 682 1471 terrorest
709 1403 765 1470 ad
792 1399 1078 1483 vindicandum,
1111 1421 1184 1468 non
1213 1399 1270 1468 ad

196 1521 487 1609 uindicandam,
525 1537 603 1590 mm
638 1518 831 1614 quiscum
865 1515 1073 1590 Burmanno
1102 1516 1268 1590 facientes

197 1637 388 1710 clarissime
407 1638 652 1734 intelligimus,
677 1634 859 1732 quomodo
880 1637 1012 1710 factum
1034 1637 1089 1730 sit,
1114 1659 1154 1710 ut
1163 1641 1269 1734 peri-

198 1761 272 1828 culi
293 1783 369 1829 non
394 1759 575 1851 periculis
607 1773 716 1827 exstet
740 1755 777 1826 in
802 1753 867 1829 Ed.
889 1782 945 1853 pr.
968 1801 1019 1815 -
1053 1757 1153 1832 Haec
1176 1757 1269 1831 enim

197 1875 351 1947 habebat
384 1899 471 1973 quae
497 1872 712 1946 describeret
740 1872 902 1945 librarius
924 1873 1061 1948 Mudu:
1093 1879 1270 1948 maximis

191 1997 717 2091 periculispolimusierauteo.
802 1991 925 2079 Quum
961 1993 1070 2091 igitur
1114 1995 1271 2093 primum

199 2115 361 2188 omnium
396 2114 486 2186 illud
527 2114 592 2186 sibi
626 2131 786 2187 constare
815 2129 977 2211 putaret,
1017 2113 1137 2187 literas
1174 2116 1297 2208 spol‘.

113 2283 114 2288 κ
197 2261 270 2308 esse
302 2261 424 2308 vocem
457 2237 600 2332 spolia,
635 2236 755 2306 nullus
791 2232 984 2327 dubitavit,
1021 2230 1272 2332 praecedentes

197 2356 317 2429 literas
345 2383 389 2452 sp
424 2371 588 2451 tauquam
621 2379 664 2426 ex
689 2352 840 2429 absurda
865 2353 1063 2427 earundem
1087 2353 1273 2426 literarum

199 2476 410 2575 repetitione
432 2492 526 2547 ortas
548 2476 746 2572 expellere3
774 2474 903 2571 quibus
920 2475 957 2546 in
982 2473 1127 2547 exilium
1148 2469 1272 2564 missis,

196 2596 283 2695 quid
311 2597 452 2694 planius
480 2621 587 2692 quam
620 2593 832 2668 adiectivum
860 2597 1040 2667 mammis·
1072 2617 1155 2668 cum
1189 2593 1271 2666 sub·

199 2715 349 2790 stantiro
372 2739 437 2786 suo
460 2713 695 2810 adaequatum
717 2711 818 2785 esse?

295 2865 417 2938 Verba
451 2870 674 2938 immodicae
710 2869 947 2937 crudelitatis
974 2867 1127 2938 licentia
1161 2867 1272 2964 (pace

197 2983 400 3059 Ruhnkcnii
423 2983 616 3078 dixerim),
641 2985 689 3058 ita
713 2983 923 3082 corrigenda
944 3003 1044 3056 sunt:
1069 2989 1272 3058 immodica

199 3121 237 3178 et
257 3109 481 3179 crudelitate
506 3117 544 3176 et
567 3107 730 3180 licentia.

296 3285 413 3382 Ergo,
449 3302 488 3356 ut
510 3309 598 3380 quae
623 3283 724 3356 nobis
750 3283 925 3357 invenisse
953 3282 1150 3375 videamur,
1177 3281 1275 3356 brevi

198 3387 234 3478 in
259 3423 456 3504 conspectu
478 3431 674 3502 ponamus,
701 3401 789 3477 haec
817 3403 970 3504 legenda
997 3422 1180 3504 putamus:

304 3560 585 3646 „Videbantur
603 3559 725 3649 finita
760 3558 845 3630 belli
872 3560 994 3630 civilis
1029 3561 1152 3643 mala,
1189 3582 1273 3630 cum

306 3732 332 3766 ‚‚
345 3683 476 3752 Sutlae
497 3683 721 3752 crudelitate
750 3693 864 3752 aucta
889 3693 984 3752 sunt.
1042 3678 1191 3772 Quippe
1217 3678 1274 3748 di-

308 3813 468 3882 „ctator
491 3812 640 3870 creatus
660 3799 787 3890 (cuius
807 3799 963 3869 lionoris
983 3797 1180 3891 usurpatio
1198 3819 1275 3890 per

311 3944 465 4001 „armos
507 3919 627 3989 CXX
660 3918 905 3988 intermissa:
952 3941 1043 3986 nam
1074 3918 1275 4010 proximas

311 4051 431 4131 „post
458 4062 617 4121 annum,
648 4059 762 4131 qaam
785 4031 988 4105 Hannibal
1008 4036 1127 4104 Italia
1152 4061 1275 4107 excer-

309 4168 473 4242 „serat;
515 4159 571 4225 uti
600 4166 810 4251 appareat,
844 4155 1030 4249 populum
1058 4154 1276 4227 Romanum
1346 4241 1349 4249 Ι

310 4301 456 4362 „usum
503 4276 700 4346 dictatoris
741 4287 832 4346 ante
876 4287 978 4345 metu
1024 4278 1272 4360 desiderasse,

308 4411 424 4484 „tum
458 4395 560 4467 illius
585 4397 706 4470 solum
731 4398 897 4469 umisa
921 4393 1179 4491 potestatem)
1207 4398 1279 4468 im-
