3048 5152
1187 587 1258 666 tat

180 775 347 872 Accedit,
371 776 471 880 quod
490 777 579 854 mihi
596 777 741 878 quidem
762 779 918 877 ineptior
934 775 1076 854 videtur
1094 777 1255 875 loquutio

179 924 399 996 „magnum
423 901 527 998 operi
552 927 619 976 sno
643 902 766 976 locum
789 901 908 975 fecit“
958 901 1079 990 Quare
1095 900 1255 973 Ennium

178 1016 216 1092 h.
232 1018 256 1092 l.
287 1019 433 1094 fortasse
458 1020 610 1096 eandem
642 1049 726 1096 cum
755 1021 859 1096 Livio
885 1021 1095 1125 Naevioque
1120 1041 1257 1113 sortem

181 1138 287 1212 traxit
313 1141 482 1214 nimirum
508 1162 550 1214 ut
574 1162 757 1216 taceretur.
811 1141 864 1216 ld.
881 1141 980 1243 quod
1001 1163 1121 1216 tamen
1145 1139 1255 1239 expli-

183 1278 281 1331 catur
313 1261 355 1333 ab
388 1261 466 1362 ipso
496 1262 637 1337 Velleio
665 1265 688 1336 l.
706 1262 735 1338 Ι.
760 1291 790 1336 o.
812 1289 873 1358 17:
916 1261 1026 1357 „Nisi
1064 1287 1186 1362 aspera
1213 1287 1257 1334 ac

184 1375 286 1451 rudia
308 1401 463 1478 repetas,
489 1401 524 1454 et
543 1384 688 1456 inventi
710 1386 910 1456 laudanda
931 1383 1113 1460 nomine.“

607 1585 836 1665 anss

282 1723 331 1818 ll,
350 1750 411 1798 tn.
427 1725 504 1799 init
554 1723 838 1800 Pulcherrimam
860 1722 991 1797 Orellii
1017 1721 1256 1795 coniecturam

184 1847 254 1936 „R
277 1847 324 1916 It
337 1845 678 1940 praecaventibua“
705 1845 783 1944 ipsa
806 1845 943 1945 syllaba
960 1843 1120 1940 praeiri
1147 1843 1190 1920 P.
1209 1845 1258 1918 R.

144 2021 145 2026 1
185 1982 320 2035 mutata
350 1963 429 2060 (uti
460 1991 565 2064 supra
596 1991 638 2038 ex
665 1970 706 2039 P.
730 1969 778 2038 R.
809 1947 974 2038 effectum
1006 1983 1058 2036 est
1081 1965 1263 2056 Praetor)

183 2081 232 2157 ad
253 2085 463 2159 umbilicum
491 2085 705 2186 perductum
727 2085 774 2159 iri
796 2086 962 2188 putarim.

581 2289 664 2388 Pag·
678 2299 731 2370 at.
762 2315 794 2364 v.
808 2301 861 2368 17.

284 2427 460 2522 11‚1t.1.
489 2434 649 2528 incepta.
682 2429 924 2523 Amerbachii,
948 2457 1024 2506 non
1049 2428 1183 2504 codicis
1208 2447 1260 2500 eat

182 2571 216 2622 t.
248 2552 419 2648 incepta,
450 2548 548 2626 unde
581 2549 641 2625 vix
672 2547 825 2648 mirum,
859 2547 950 2624 nihil
981 2571 1119 2624 notasse
1147 2549 1260 2623 Bure·

183 2695 288 2742 rrum.

597 2811 745 2911 Peg-at.
773 2841 807 2888 v.
826 2829 857 2891 t.

285 2949 334 3046 Il,
364 2953 418 3026 16.
444 2957 477 3025 5.
535 2952 576 3026 Si
600 2951 638 3027 11.
657 2953 704 3047 l,
732 2980 800 3053 qua
828 2952 873 3027 de
896 2979 933 3026 re
961 2953 1050 3026 nihil
1074 2951 1261 3050 ambigam,

187 3100 313 3146 verum
337 3093 391 3146 est
413 3070 645 3148 Amerbanhii
669 3075 746 3168 itti,
770 3070 999 3148 scribendum
1021 3071 1168 3146 fortasse
1191 3090 1261 3144 est:

191 3195 293 3283 Quin
314 3195 416 3266 illiue
428 3195 581 3289 pietati.

615 3393 829 3474 mea

285 3534 332 3629 II,
352 3538 407 3610 16.
423 3542 458 3612 4.
510 3534 742 3610 Amerbaehii
759 3536 866 3632 lectio
885 3541 1092 3632 legerantq.
1114 3534 1264 3608 omnino

189 3679 272 3726 vera
298 3673 359 3728 est
418 3657 590 3732 Attamen
615 3656 842 3755 scripserim:
881 3657 1041 3754 legerant
1071 3652 1171 3753 quod
1203 3679 1265 3752 ap·

188 3775 365 3872 pellerent
381 3775 553 3851 Italicam
607 3776 651 3849 In
672 3777 751 3878 ipso
774 3775 870 3874 quod
889 3775 1094 3848 habuerunt
1107 3771 1262 3846 concilio

187 3894 347 3970 futurum
383 3896 568 3996 primariae
609 3919 843 3996 quaecunque
882 3915 958 3967 erat
1001 3894 1099 3965 urbis
1133 3918 1267 3965 nomen

187 4017 410 4090 constituisse
434 4014 607 4092 videntur.
664 4014 828 4088 Ceterum
856 4013 1028 4088 Burerius
1052 4013 1091 4086 id
1115 4014 1264 4087 maxime

186 4159 296 4234 agana
318 4157 358 4210 ut
376 4134 578 4233 ostenderet
601 4140 798 4231 Italicam,
824 4161 899 4210 non
925 4139 1118 4210 Italiam
1133 4135 1205 4233 legi
1230 4135 1266 4206 in

186 4256 336 4356 antiquo
364 4255 462 4351 nod„
488 4254 534 4328 de
558 4280 660 4328 more
682 4255 729 4330 ad
752 4257 851 4330 illam
878 4257 932 4331 lit.
949 4281 981 4354 q.
1005 4281 1134 4355 parum
1159 4273 1269 4328 atten-

186 4374 252 4470 dit,
274 4400 385 4478 qaam
408 4377 515 4477 igitur
535 4399 601 4451 auo
620 4376 766 4454 arbitrio
790 4377 983 4478 explicatae
1004 4373 1183 4479 putandus
1204 4395 1266 4448 eat.
