3044 5150
258 583 283 652 δ

258 790 459 868 temporum
481 769 638 844 claustris
662 765 876 842 circumdate
896 769 1013 861 firerit,
1039 770 1192 846 evenisse
1214 797 1329 868 gram·

257 889 393 964 maticis
419 931 485 980 -‚
522 887 682 990 quisquis
712 889 972 982 -institerit,
1002 891 1161 990 reperiet.
1219 890 1331 978 Quod

256 1009 320 1110 qui
350 1034 425 1082 non
449 1029 598 1107 negent,
633 1008 849 1101 concedent,
877 1011 1007 1109 copula
1035 1023 1073 1081 et
1100 1008 1329 1103 intrudenda,

255 1147 292 1202 et
322 1130 431 1202 verbo
460 1131 734 1202 circumdatam
774 1130 812 1202 in
847 1130 1081 1202 circumdata
1109 1127 1328 1202 decurtando

253 1247 344 1322 nihil
372 1274 464 1347 opus
492 1271 576 1320 esse.

351 1367 408 1438 De
428 1367 492 1439 illo
518 1385 648 1460 antem,
670 1366 768 1467 quod
786 1369 947 1466 legimus,
975 1369 1328 1466 ,‚scalptoriltusque

255 1490 449 1583 quisquic“
470 1484 562 1560 infra
585 1485 753 1560 dicemus.

585 1854 837 1947 unua
880 1856 993 1949 111

690 2017 756 2072 verr.
771 2017 809 2087 11,
827 2008 852 2070 t.
870 2015 897 2070 a.

330 2155 490 2232 „Fuctm
513 2159 632 2242 Opmu,
650 2155 733 2240 qrwd
748 2159 975 2219 inimicitiam
991 2159 1133 2239 quaesita
1151 2167 1221 2220 erat
1237 2155 1326 2231 ultio,

247 2261 346 2323 mim
365 2273 495 2345 aequata
514 2263 692 2324 nutemus.
736 2259 785 2322 Et
800 2261 868 2323 visu
885 2259 962 2322 ultio
976 2263 1103 2342 priamo
1126 2263 1198 2324 odio
1215 2263 1326 2344 maqti,

247 2380 337 2446 qwm
351 2364 497 2445 publicae
516 2363 672 2426 mediceae
690 2365 802 2425 datu-‘²
841 2372 892 2426 Ed.
910 2388 950 2441 pr.
976 2387 1041 2442 pag.
1055 2373 1102 2429 15.

731 2512 847 2535 ἘΞ-’Ἓξ

248 2605 524 2744 Saepenumero
547 2643 685 2738 accidit,
715 2667 754 2718 ut
769 2646 930 2719 librarius
947 2646 1202 2738 Murbacensis,
1225 2643 1325 2718 verbi

247 2761 393 2835 alicuius
429 2765 485 2838 vel
515 2765 631 2837 literas
664 2756 727 2840 'vel
756 2764 1009 2868 compendium
1035 2791 1106 2836 non
1137 2765 1217 2837 satis
1242 2790 1324 2864 per·

247 2883 416 2986 spiciens,
467 2885 591 2958 oculos
638 2885 684 2959 ad
718 2907 903 2986 sequentes
948 2913 1068 2960 versus
1103 2883 1323 2976 converterit,

243 3002 362 3106 itaque
405 3005 470 3078 sibi
517 3007 660 3080 fortuita
709 3008 879 3080 binorum
928 3009 1121 3080 verborum
1163 3003 1324 3076 similitu-

244 3118 328 3195 dine
363 3126 503 3222 imponi
538 3148 729 3228 pateretur.
813 3125 896 3214 Quo
921 3127 1075 3221 factum,
1109 3148 1148 3199 ut
1167 3125 1205 3197 h.
1235 3150 1324 3225 quo·

247 3270 317 3349 que
342 3244 366 3319 l.
392 3245 608 3319 vocabulum
633 3246 802 3338 ,‚acti0,“
826 3246 944 3346 quod,
974 3248 1011 3318 ni
1036 3247 1157 3320 omnia
1181 3272 1238 3319 me
1259 3245 1326 3316 fal·

245 3365 348 3458 lunt,
384 3366 530 3466 abipso
556 3366 696 3438 Velleio
720 3368 924 3464 profectum
949 3387 1042 3461 erat,
1069 3367 1106 3440 iu
1133 3365 1190 3457 id,
1225 3361 1324 3465 quod

246 3481 444 3558 Rhenanus
483 3484 649 3579 tradidit,
693 3486 812 3580 „ultio
827 3489 850 3530 “
893 3486 1100 3558 immutaret
1143 3484 1321 3558 librarius.

243 3603 457 3706 Legendum
482 3626 533 3678 est
557 3606 675 3678 enim:
1321 3595 1325 3608 ’

386 3747 581 3836 „Factum
600 3749 759 3843 Opimii,
785 3751 889 3843 quod
908 3748 1193 3818 inimicitiarum
1208 3771 1324 3841 quae·

387 3872 463 3940 sita
494 3870 719 3962 crateritis,
752 3870 877 3939 minor
904 3881 1063 3964 sequuta
1099 3868 1319 3938 auctoritas.

383 3989 437 4059 Et
472 3992 555 4062 visa
595 3992 686 4061 ultio
712 3993 871 4084 privato
903 3990 991 4060 odio
1026 3989 1167 4082 magis,
1207 4011 1322 4082 quam

383 4108 543 4204 publica
564 4113 737 4181 vindicta
763 4115 897 4181 data.“

237 4245 317 4327 Hoc
349 4273 473 4324 sensu:
515 4249 651 4326 factum
677 4249 833 4351 Opimii,
867 4250 949 4351 quit
975 4271 1048 4324 erat
1075 4249 1233 4326 studiose
1266 4275 1321 4322 cn·

238 4389 336 4469 plats
357 4390 392 4442 et
426 4369 678 4472 circumspecte
711 4369 977 4446 inimicitiarum
1007 4371 1218 4462 satisiaut'm,
1253 4398 1323 4472 qua
