3044 5150
276 615 326 686 32

375 797 427 872 Ita
459 794 612 896 denique
643 793 741 897 apud
772 792 997 868 Macrobium
1018 791 1188 866 Laberius
1205 793 1350 884 fccmae

277 943 453 992 cacwnen
477 916 583 1015 plane
614 917 704 989 sicut
733 914 894 990 Velleius
928 912 1069 987 videtur
1099 911 1237 987 dixisse.
1286 912 1349 986 Ad
1385 923 1387 928 '

275 1038 484 1112 sententiam
516 1056 636 1110 autem
667 1029 801 1134 optime
826 1035 915 1107 lacit
946 1031 1038 1105 illud
1070 1033 1207 1130 ipsmn,
1247 1030 1348 1132 quod

275 1157 513 1232 Ruhnkenius
535 1158 669 1250 attulit,
702 1155 934 1228 Columellas:
972 1155 1241 1226 consummatio
1269 1179 1348 1224 sus·

275 1293 407 1378 ceptae
420 1277 689 1373 professionis.
742 1273 904 1347 Fortasse
929 1273 966 1346 in
985 1299 1085 1364 voc,
1108 1269 1209 1372 qnod
1229 1273 1349 1344 abesse

273 1398 405 1498 possit,
437 1399 514 1488 sui,
547 1396 631 1466 latet
665 1421 697 1466 v.
731 1419 895 1487 summo,
931 1412 972 1464 ut
1006 1393 1125 1464 fieret:
1168 1394 1208 1462 in
1244 1419 1273 1464 a.
1312 1418 1346 1464 ο.

274 1541 419 1590 summo
438 1517 639 1588 cacumine.
681 1511 753 1584 Sed
777 1513 851 1586 eius
875 1512 927 1584 rei
951 1512 1064 1585 obiter
1087 1531 1227 1583 tantum
1248 1535 1347 1582 meu·

274 1638 408 1710 tionem
436 1635 602 1707 iniectam
629 1632 807 1711 volumus.

337 1757 526 1828 Vocabulo
535 1774 651 1825 autem
664 1756 867 1843 cacumine,
878 1753 914 1825 in
929 1781 1002 1853 quo
1013 1776 1211 1826 nosverum
1222 1747 1348 1822 vidisse

274 1901 478 1976 persuasum
499 1873 682 1961 habemus,
702 1871 900 1945 vindicatur
922 1872 1028 1945 simul
1044 1870 1144 1971 quod
1161 1895 1244 1972 post
1255 1871 1347 1975 Gry·

275 1996 437 2098 phiuma
464 1993 583 2068 multis
602 1991 685 2065 VV.
704 1991 785 2065 DD.
810 1993 893 2064 loco
919 2013 1054 2064 motum
1081 2014 1147 2066 est:
1175 2003 1346 2094 suspecti.

272 2116 366 2190 Mihi
398 2136 492 2189 certe
534 2112 729 2185 mutatione
757 2138 831 2183 non
867 2139 956 2208 opus
986 2139 1059 2186 csse
1089 2113 1247 2210 videtur,
1287 2145 1347 2190 ne·

273 2263 343 2336 que
372 2235 535 2333 negabis,
576 2231 726 2329 opinor,
767 2232 926 2330 quamvis
958 2236 1101 2306 nullum
1131 2237 1167 2308 in
1200 2263 1347 2338 promtu

272 2358 315 2430 sit
345 2357 569 2453 exemplum,
604 2349 648 2423 ad
679 2351 904 2451 participium
926 2368 1118 2450 suspectus
1147 2356 1347 2433 admirandi

275 2503 420 2576 quoquc
447 2474 630 2547 notionem
652 2470 776 2544 referri
803 2499 913 2570 posse.

543 2850 799 2941 nunu
840 2850 1067 2940 xvtu.

608 3013 673 3066 var.
687 3013 725 3083 υ,
744 3009 788 3068 ar.
806 3032 832 3084 p.
842 3010 904 3066 201.
923 3012 964 3065 aa.
975 3011 1010 3064 n.
1146 2981 1166 3026 ⁶

339 3149 451 3224 „Fr'nt'e
469 3153 582 3233 imperi
597 3155 668 3233 νομί
684 3154 864 3214 terminatus
885 3150 1067 3214 Arructtt'a.“
1107 3157 1159 3212 Eri.
1179 3173 1217 3226 pr.
1234 3161 1282 3214 28.
1351 3159 1355 3166 '

752 3297 862 3320 -..--““-“-“-

270 3380 435 3510 Miror,
461 3419 643 3491 neminem
670 3418 833 3492 vocabuli
857 3423 940 3515 regi
958 3442 1265 3520 propugnatorem
1287 3447 1346 3494 exa

272 3537 402 3608 stitisse.
470 3535 584 3610 Nullo
620 3539 717 3610 enim
750 3540 828 3612 iure
858 3539 1105 3638 impugnatum
1136 3564 1196 3615 est.
1249 3542 1346 3614 Dicit

270 3655 447 3728 Velleius:
488 3653 637 3753 Tigrani
671 3658 746 3754 regi
797 3659 906 3730 finem
943 3658 1085 3757 imperii
1118 3661 1173 3732 sui
1215 3661 1345 3732 Arme·
1388 3709 1405 3732 .

270 3775 328 3846 nial
359 3772 590 3846 terminatum
619 3799 702 3846 esse.
767 3773 1011 3848 Vertendum:
1053 3778 1119 3850 mit
1148 3779 1345 3853 Armenion

268 3894 312 3964 ist
339 3892 415 3964 ihm
442 3892 517 3964 sein
548 3890 666 3965 Reich
691 3894 872 3991 hcgrtntt.
929 3893 1068 3968 Eodem
1095 3898 1203 3996 plane
1233 3897 1345 3972 modo

150 4037 161 4058 ⁰
269 4011 388 4110 paullo
412 4030 508 4084 ante:
539 4013 723 4084 Servatus
750 4017 833 4108 regi
859 4017 979 4085 Itonos
1007 4017 1168 4112 imperii.

343 4129 416 4216 Qui
440 4130 541 4204 locus
560 4157 705 4206 omnem
728 4131 917 4206 dubitandi
943 4160 1082 4206 causam
1100 4137 1201 4209 tollit.
1248 4136 1345 4224 Qua·

266 4270 412 4350 propter
441 4275 520 4326 voc.
556 4255 641 4347 regi
669 4251 814 4324 minime
845 4253 937 4328 sicut
967 4254 1181 4330 antecedens
1210 4259 1348 4354 imperi

268 4397 346 4444 uua
364 4370 464 4446 litera
489 4375 504 4442 i
530 4373 736 4471 augendum
763 4391 823 4450 est.
