3048 5152
437 990 686 1083 GAPM'
728 988 998 1084 mm

493 1175 560 1230 vat.
573 1175 610 1245 u,
628 1173 672 1232 se
685 1174 709 1230 a
723 1174 801 1249 per.
814 1176 948 1232 noran

261 1345 329 1424 „In
355 1345 431 1410 urbe
456 1349 638 1411 seditionem
644 1395 655 1426 ,
679 1350 756 1413 lutat
782 1353 881 1434 maqt't
901 1349 1029 1432 [ocmlte
1058 1347 1198 1413 bellicam
1218 1359 1262 1414 tte

179 1451 304 1514 maltam
323 1459 481 1515 movetwf‘
522 1460 573 1512 ud,
593 1477 634 1528 pr.
655 1461 743 1531 lull.

181 1725 412 1852 Rhenanus,
437 1763 577 1834 tametsi
596 1760 708 1834 edidit
731 1764 849 1847 haud
872 1761 1025 1834 coniecit
1049 1776 1117 1834 aut
1137 1766 1262 1858 magis

183 1882 344 1974 occulte3
392 1882 560 1955 Burerius
612 1883 770 1982 quamvis
829 1881 1026 1955 subtimens
1065 1882 1262 1981 legendum

181 1999 395 2096 suspicatur:
437 2004 563 2096 magis
593 2015 731 2074 autem.
794 1999 903 2072 Unde
937 1999 1029 2072 illud
1065 2022 1160 2075 certe
1189 2028 1259 2100 pro
1331 2041 1334 2047 Δ

180 2137 366 2216 comperto
396 2115 587 2212 habemus,
631 2118 668 2192 in
702 2118 829 2193 codice
868 2118 920 2191 M.
955 2119 1123 2192 exstitisse
1162 2123 1260 2192 haut

180 2263 252 2309 non
276 2239 393 2310 haud.

276 2376 379 2464 Quae
401 2381 579 2452 lectorum
599 2380 713 2456 oculis
734 2379 968 2471 subiecimus,
991 2377 1122 2451 codicis
1137 2375 1258 2452 Murb.

176 2501 304 2586 verba,
345 2527 365 2571 a
403 2499 525 2599 Lipsio
561 2518 595 2570 et
630 2499 852 2572 Ruhnkenio
889 2500 966 2571 iure
1011 2498 1159 2597 quidem
1194 2500 1259 2573 sed
1340 2505 1342 2516 ⁴

175 2621 294 2692 minus
319 2621 467 2693 feliciter
492 2620 701 2719 impugnata
728 2641 819 2692 sunt.
878 2617 1044 2716 Namque
1067 2618 1258 2693 scribendo

178 2739 241 2834 „in
263 2742 353 2812 urbe
380 2737 614 2834 seditionem,
638 2761 673 2811 at
698 2740 736 2812 in
764 2740 858 2836 agris
874 2740 1042 2813 bellicum
1064 2739 1257 2812 tumultum

178 2861 355 2929 movens“
381 2856 524 2928 Ruhnk.
550 2856 646 2930 istud
668 2873 711 2928 at
735 2857 876 2933 videtur
902 2857 1043 2931 Velleio
1069 2859 1176 2955 plane
1202 2858 1257 2930 in·

178 2977 257 3048 vito
288 2976 479 3051 intrusisse.
550 2975 722 3069 Moleste,
751 2978 899 3078 opinor,
930 2978 1019 3048 feres
1043 2976 1256 3074 particulam

176 3095 431 3170 adversativam
459 3096 521 3169 tali
552 3096 590 3169 in
624 3097 944 3198 comprehensione
973 3096 1135 3196 positam.
1194 3096 1255 3170 In·

178 3215 332 3290 ducatur
356 3217 476 3290 velim.

272 3356 542 3454 Sagarissimam
578 3357 692 3458 Lipsii
726 3358 972 3431 coniecturam
1016 3360 1086 3452 „in
1125 3360 1254 3457 agris“

176 3478 339 3576 quamvis
371 3479 510 3552 idoneis
544 3481 741 3555 rationibus
771 3479 988 3553 confirmarit
1013 3479 1252 3570 Burmannus,

176 3618 291 3670 tamen
319 3620 466 3699 propter
488 3601 579 3700 ipsas
606 3627 662 3674 res
688 3628 707 3671 a
728 3600 854 3674 Coelio
876 3621 988 3700 gestas
1008 3625 1081 3670 uon
1105 3621 1252 3694 possum

177 3715 264 3814 quin
287 3745 459 3792 recusem.

275 3855 378 3932 Circa
418 3863 581 3933 Thurios
614 3860 709 3932 enim
740 3861 804 3954 (ut
836 3857 968 3932 Vellcii
1006 3859 1120 3931 verbis
1154 3865 1250 3958 utar)

174 3955 367 4079 oppressus
390 4001 442 4053 est
460 3979 621 4074 Coelius3
645 3980 684 4051 in
713 3981 924 4051 Thurinum
944 3975 990 4048 ad
1006 3978 1251 4054 sollicitandos

173 4119 332 4200 pastores
353 4101 535 4201 praemisit
558 4099 744 4174 Milonem.
795 4094 988 4171 Enimvero
1010 4100 1097 4172 urbs
1119 4095 1251 4173 Thurii
1355 4197 1357 4201 ι

172 4221 284 4318 longe
319 4219 487 4296 remotior
516 4237 590 4292 erat
616 4219 660 4292 ab
689 4219 798 4313 urbe,
834 4243 942 4318 quam
970 4236 1010 4289 ut
1035 4218 1171 4291 bellum
1198 4216 1250 4289 ibi

172 4343 368 4420 conflatum
396 4344 437 4412 in
468 4342 575 4435 agris
603 4359 846 4440 comparatum
880 4336 949 4411 dici
976 4356 1102 4438 posset.
1160 4335 1250 4434 Agri
