3048 5152
1201 591 1289 669 .87.

148 821 152 832 ·
200 777 371 852 intellexit
398 779 617 852 coniunctim
639 777 830 879 legendum
853 805 927 854 esse
949 785 1273 858 nwxaununolum.

200 896 322 995 Itaque
342 897 433 972 illud
459 923 600 995 quoque
627 898 739 972 literis
767 898 941 974 mandans
966 899 1173 1002 depravatae
1198 902 1274 978 edi-

200 1018 304 1091 tionis
323 1020 494 1122 priocipis
514 1020 662 1092 lectioni
683 1020 859 1119 originem
876 1021 984 1096 dedit.
1035 1023 1274 1099 scribendum

200 1159 250 1212 est
274 1139 394 1238 igitur:

297 1263 417 1352 ,·,Mox
439 1265 666 1334 avunculum
698 1264 822 1334 Titius
843 1264 1014 1334 imitatus
1035 1274 1130 1336 est.“

524 1625 774 1719 GAPU'l'
806 1626 952 1719 m

484 1789 551 1843 ver.
568 1789 607 1856 11,
623 1783 667 1840 ss.
680 1783 705 1839 a.
723 1804 750 1857 p.
764 1785 817 1838 102
833 1787 874 1842 sa.
891 1788 979 1842 oren.

266 1986 288 2016 „
295 1941 438 2004 Absurde
460 1937 613 2022 Coponius
629 1942 697 2002 viro
716 1935 758 2000 Ε.
775 1942 953 2022 praetotius
970 1943 1168 2021 pravissimus
1182 1955 1278 2024 pater
1358 1991 1360 1995 .

201 2043 278 2106 Silii
296 2067 393 2108 socer.
402 2052 425 2082 “
467 2049 533 2105 cod.
561 2051 672 2104 Amerb.
698 2055 727 2104 et
750 2051 843 2106 Mur-b.
871 2055 944 2104 teste
968 2047 1065 2104 Burer.
1089 2051 1123 2104 ad
1149 2069 1213 2121 pag.
1229 2050 1277 2109 47.

200 2155 334 2209 Editionis
355 2174 394 2224 pr.

679 2269 795 2292 a

198 2403 446 2513 scribendum
469 2443 632 2513 fortasse:
665 2442 738 2512 Vir
762 2443 1166 2536 egregiuspraetorius
1181 2465 1275 2536 gra-

200 2565 375 2634 vissimus
394 2566 512 2634 Pater
523 2565 610 2634 Silii
628 2587 743 2634 socer.
787 2557 955 2658 Namque
971 2557 1071 2658 quod
1090 2558 1283 2654 Grunerus¹

199 2681 284 2778 legit
309 2687 371 2752 vir
384 2685 604 2777 praetorius
621 2657 895 2776 gravissimus,
921 2683 963 2752 P.
981 2682 1069 2750 Silii
1084 2705 1190 2752 socer
1210 2706 1277 2779 per

200 2799 380 2878 Waltheri
413 2821 507 2874 certe
536 2800 780 2873 auctoritatem
813 2827 887 2874 non
926 2820 1014 2895 stet,
1057 2827 1171 2898 quum
1207 2828 1279 2876 vox

199 2939 301 3016 pater
332 2947 358 3010 s,
376 2947 442 3017 pr.
478 2949 503 2993 s.
530 2935 617 3018 pat.
654 2922 828 2995 scribatur
861 2922 898 2991 in
933 2919 1157 2993 documentis
1189 2922 1277 2996 anti-

201 3042 290 3140 quis.
313 3084 361 3096 —
408 3040 559 3113 Accedit
588 3040 687 3142 quod
714 3067 756 3112 ex
790 3059 1033 3138 consequente
1064 3039 1129 3112 illo
1157 3044 1197 3112 in
1221 3071 1277 3138 se·⁴

199 3175 296 3234 natu
330 3183 366 3234 et
401 3163 515 3234 allatis
544 3160 701 3261 Coponii
720 3161 855 3256 verbis,
890 3182 931 3233 ut
963 3186 1054 3261 quae
1090 3161 1278 3237 ostendant

198 3281 268 3355 viri
302 3281 544 3356 honestissimi
582 3284 812 3381 gravitatem,
848 3281 1134 3380 probabilissime
1169 3284 1277 3358 effici·

139 3483 143 3488 ,
198 3429 290 3496 mus,
315 3402 522 3501 Coponium
537 3402 574 3475 h.
592 3405 616 3478 l.
637 3403 882 3502 gravissimum
898 3403 1106 3477 Senatorem
1120 3408 1278 3477 Patrem

198 3525 419 3624 appellatum
445 3549 528 3596 esse.

297 3644 371 3718 Sed
393 3666 513 3720 tamen
534 3672 645 3742 quum
669 3642 774 3720 video
800 3642 1104 3741 Oudendorpium
1125 3641 1172 3716 ed
1190 3643 1279 3718 Sue·

199 3781 275 3834 ton.
295 3764 388 3864 Aug.
406 3792 448 3860 7¹
480 3763 525 3838 de
550 3765 652 3838 litera
678 3769 764 3838 Pet
791 3765 947 3837 Publius
972 3782 1007 3833 et
1030 3763 1148 3833 Pater
1168 3762 1276 3862 signi-

200 3883 329 3955 ficante
354 3887 576 3986 exposuisse,
606 3883 757 3977 haereo,
781 3882 892 3979 iisque
918 3881 1045 3978 quibus
1070 3901 1110 3953 nt
1141 3884 1278 3958 nomini

200 3999 276 4075 Silii
300 4028 519 4100 praenomen
543 4004 695 4078 addatur
728 4002 964 4077 necessarium
1004 3999 1143 4074 videtur
1186 4002 1276 4078 haec

200 4123 330 4194 offero:

304 4293 327 4332 ‚‚
343 4244 415 4314 Vir
465 4266 489 4316 e
534 4246 755 4338 praeterite
798 4245 1052 4340 gravissimus
1097 4243 1136 4316 P.
1191 4243 1277 4314 Silii

304 4374 451 4436 soner.“
