3048 5152
251 581 302 654 70

351 765 429 844 Iam
456 767 502 843 ad
525 769 671 844 alteram
695 771 817 871 capitis
843 789 980 874 partem
1006 774 1224 848 accessimus.
1261 773 1329 852 lla·

254 915 325 990 que
348 887 438 966 haec
463 909 601 965 exstant
623 888 799 966 Editionis
824 921 876 990 pr.
904 920 939 991 p.
954 897 1016 966 41:

333 1073 432 1128 „crau
449 1053 482 1115 iu
498 1051 620 1114 ntodica
640 1053 762 1134 quidem
780 1055 902 1120 sonari
913 1063 1022 1136 posset
1040 1055 1166 1138 (quippe
1178 1058 1271 1138 peior
1284 1056 1333 1118 illi

331 1175 384 1218 res
397 1155 566 1236 familiaris
582 1175 673 1238 qoam
694 1175 779 1217 mats
799 1160 919 1236 crat).“

362 1300 572 1374 Ruhnkenii
593 1301 814 1374 coniectura:
845 1329 960 1394 „cum
980 1301 1018 1374 in
1041 1303 1116 1376 otio
1142 1330 1184 1375 ac
1210 1303 1328 1404 quiete

251 1422 382 1494 servari
412 1447 485 1492 non
519 1440 635 1519 posset
644 1426 679 1514 ,“
716 1421 882 1514 audacia,
927 1449 1001 1495 non
1037 1424 1153 1523 pretio
1187 1446 1330 1523 superat

250 1542 350 1615 illam
380 1540 447 1614 Ed.
481 1541 580 1615 Bas:
613 1569 744 1636 ¹„cum
780 1567 825 1614 ue
865 1571 884 1616 a
911 1542 987 1616 Diis
1021 1544 1169 1650 quidem
1200 1544 1330 1618 servari

249 1667 404 1764 posset.“
456 1664 625 1735 Attamen
650 1684 778 1734 neutra
803 1665 931 1764 placet.
983 1665 1082 1737 Illud
1102 1691 1189 1740 vero
1211 1693 1328 1738 recor-

251 1782 330 1856 dari
349 1784 446 1856 iubet
466 1782 658 1856 Krausius:
690 1782 894 1876 „Velleium
917 1785 1056 1884 saepius
1078 1813 1134 1858 res
1158 1812 1270 1860 novas
1295 1806 1330 1858 et

249 1904 422 1976 tumultus
450 1902 662 1976 domesticos
691 1924 858 2003 tanquam
892 1903 935 1974 ad
962 1933 1105 1979 causam
1128 1907 1261 1978 referre
1284 1903 1327 1976 ad

250 2049 327 2098 rem
353 2023 563 2097 familiarem
588 2023 777 2122 pessimam
803 2021 1010 2118 hominum,
1044 2024 1137 2098 illud
1166 2025 1259 2098 effici
1287 2051 1327 2097 ex

250 2151 406 2245 capa5,
429 2171 458 2218 1.
483 2187 530 2199 -
556 2149 616 2240 49,
635 2169 664 2214 2.
685 2186 729 2198 —
756 2147 886 2240 91,5.“
910 2188 961 2201 —
1011 2143 1123 2230 Quod
1150 2137 1324 2244 (quamvis

248 2265 285 2338 iu
322 2265 447 2338 ceteris
483 2291 502 2337 a
534 2261 689 2336 Krausio
722 2283 846 2364 utpote
879 2264 1138 2338 Ruhnkenium
1174 2285 1321 2365 sequuto

139 2467 142 2470 ,
249 2383 436 2473 recedens)
458 2382 708 2483 accipiendum
731 2382 835 2457 duco.
888 2383 981 2456 Mihi
996 2387 1093 2458 enim
1110 2407 1143 2459 et
1157 2385 1283 2486 ipsih.
1300 2386 1324 2458 l.

249 2500 362 2576 coelii
398 2522 433 2573 et
460 2522 651 2600 paupertas
688 2524 723 2574 et
757 2528 814 2575 aes
849 2504 1005 2576 alienum
1042 2508 1139 2604 tangi
1169 2506 1329 2598 videtur,

248 2619 403 2721 dicique,
429 2648 513 2693 eum
536 2649 652 2720 quum
676 2647 720 2693 ne
741 2621 899 2695 modicas
926 2623 1073 2723 quidem
1096 2652 1183 2726 quas
1207 2624 1326 2724 primo

248 2739 412 2814 debuerit
427 2741 593 2842 pecunias
611 2742 748 2815 solvere
766 2743 953 2844 potuisset,
981 2742 1183 2818 divitiarum
1205 2744 1324 2817 studio

245 2861 454 2958 incensum,
487 2863 626 2936 bellum
647 2862 832 2936 inchoasse
853 2862 1099 2938 domesticum.
1158 2865 1325 2940 Scriben-

247 2978 336 3056 dum
360 2982 488 3082 igitur:

346 3174 370 3216 ‚,
383 3125 478 3196 Cum
498 3149 545 3194 ne
565 3124 716 3195 modica
742 3123 895 3219 quidem
918 3126 1066 3194 solvere
1085 3130 1257 3220 posset.“

247 3239 408 3316 Voculae
434 3245 475 3313 in
505 3269 525 3312 a
555 3266 612 3312 me
634 3241 672 3315 in
702 3267 749 3313 ne
773 3243 863 3312 faeta
889 3244 1037 3316 mutatio
1068 3245 1246 3317 nemiuem
1272 3245 1324 3319 of·

246 3360 387 3456 feudet3
425 3387 540 3459 neque
574 3388 608 3435 v.
635 3364 783 3432 solvere
818 3358 1011 3434 difficiliter
1037 3351 1080 3435 ei
1102 3367 1215 3439 ¹verbo
1245 3394 1322 3437 ser·

248 3485 336 3554 vari
366 3481 448 3555 elici
476 3480 625 3578 poterit,
656 3481 862 3580 praesertim
891 3507 1004 3580 quum
1035 3482 1072 3554 in
1108 3511 1323 3558 monumen·

247 3602 290 3674 tis
317 3603 427 3676 seculi
457 3601 551 3676 XIV
576 3620 611 3672 et
635 3599 711 3674 XV
741 3625 873 3675 vocum
896 3616 1043 3696 servet,
1069 3631 1245 3692 servare,
1275 3607 1318 3679 al.

247 3721 462 3819 compendia
484 3741 615 3794 exstent
638 3720 703 3814 δα,
731 3747 855 3794 sucre.
908 3720 1017 3796 Cuius
1041 3725 1216 3823 originem
1238 3727 1322 3800 scri-

244 3863 373 3942 pturae
401 3871 445 3917 ex
478 3844 562 3942 ipsis
590 3841 837 3941 diplomatices
870 3843 999 3940 regulis
1034 3846 1186 3944 explicat
1214 3847 1322 3922 Man·

232 3967 386 4057 luemus,
420 3962 573 4056 docens,
606 3963 760 4063 syllabae
793 3989 836 4035 cr
868 3964 1048 4062 peculiare
1074 3965 1217 4064 signum
1248 3993 1320 4040 esse

243 4083 282 4158 iu
307 4081 513 4182 diplomatis
538 4083 704 4182 antiquis.

341 4223 416 4299 Sed
437 4225 598 4304 Velleius
619 4223 673 4316 iis,
698 4247 789 4324 quae
808 4247 1021 4326 sequuntur:
1049 4231 1189 4326 quippe
1206 4231 1321 4325 peior

241 4347 298 4420 illi
331 4367 410 4420 cett.
442 4366 586 4421 excusat
613 4343 884 4447 quodammodo
914 4345 1027 4422 Caelii
1055 4371 1115 4426 aes
1145 4347 1320 4424 alienum:
