3048 5152
467 973 986 1074 esserum
1024 1083 1026 1088 .
1098 937 1101 946 ’

533 1147 647 1216 van,
665 1142 707 1201 99.
723 1143 818 1217 aus,
833 1143 915 1202 aa.

275 1297 374 1373 „Tib
402 1297 488 1360 Nero
520 1333 563 1345 -
581 1301 661 1360 mira
682 1333 717 1344 -
746 1300 886 1380 pietate,
923 1295 1007 1357 auita
1037 1313 1164 1355 caussae
1191 1314 1266 1356 ntae
1299 1353 1300 1358 ,

193 1401 338 1462 detortae
355 1411 437 1475 emt,
455 1421 522 1462 eam
543 1397 577 1462 0.
601 1395 721 1462 Caesar
736 1401 913 1480 anapsuaet
933 1399 996 1458 arm
1014 1389 1134 1457 Mera
1152 1406 1267 1477 taqua,

193 1501 233 1566 L.
253 1506 328 1566 item
352 1514 488 1568 marmus
512 1513 594 1566 asset
614 1506 709 1576 virm,
734 1502 983 1582 ner‘alansusoe
1006 1501 1166 1564 orientium
1187 1501 1267 1560 tuve*

180 1629 264 1676 ,mun
283 1605 422 1670 obstaret
439 1608 569 1668 tanim
608 1613 660 1664 Ed.
682 1629 723 1682 pr.
742 1630 768 1680 p.
782 1613 829 1668 53.

680 1768 787 1790 βπ

198 1880 387 2022 Quamvis
409 1911 622 1990 emendandi
639 1914 759 2012 potins
785 1940 890 2012 qnam
910 1911 1166 2014 interpretandi
1182 1913 1268 1986 vel-

188 2027 257 2108 'leii
296 2061 424 2106 munus
466 2034 504 2105 in
545 2059 601 2104 me
643 2032 878 2131 susceperim,
925 2053 1044 2103 tamen
1082 2059 1194 2134 quum
1229 2031 1267 2106 in

197 2152 336 2227 edenda
358 2152 425 2225 hac
447 2151 593 2252 periodo
611 2181 629 2224 a
645 2150 857 2251 quibusdam
872 2178 1008 2245 eorum,
1030 2150 1093 2252 qui
1115 2171 1197 2223 ante
1212 2176 1269 2222 me

181 2263 283 2345 ¹haec
321 2267 436 2345 verba
454 2270 546 2374 typis
572 2269 810 2363 mandarunt,
843 2267 1102 2343 discedendum
1128 2267 1268 2364 ducam„

195 2394 362 2492 profitear
394 2417 533 2464 necesse
559 2391 642 2484 erit,
678 2413 870 2490 quemnam
892 2416 1037 2462 sensum
1065 2389 1178 2463 inesse
1202 2416 1269 2488 pu·

194 2533 267 2585 tem
282 2513 318 2584 in
340 2511 455 2586 verbis
469 2515 572 2584 cuius
595 2537 751 2583 caussae
768 2536 854 2583 mox
880 2514 1049 2581 detectae
1065 2523 1162 2597 sunt,
1189 2535 1269 2583 mea

194 2632 365 2705 sententia
390 2632 492 2704 uncis
515 2659 589 2706 non
612 2630 853 2704 includendis.
912 2629 1057 2730 Quippe
1080 2628 1170 2705 haec
1194 2630 1269 2730 ipsa

196 2751 302 2823 verba
342 2751 472 2824 claram
507 2751 625 2825 lucem
666 2755 821 2826 afferunt
862 2748 903 2822 iis
943 2776 1034 2849 quae
1069 2770 1271 2850 sequuntur

197 2871 435 2940 dissimulata
452 2897 568 2940 cansa
586 2873 732 2940 consilii
748 2873 815 2941 sui.
853 2869 977 2954 Quum
996 2867 1147 2941 domum
1170 2869 1270 2942 dere·

196 2987 373 3087 linqueret
394 2987 580 3083 Tiberius,
610 2989 746 3061 nemini
774 3007 902 3060 notum
924 3006 1013 3080 erat,
1037 2990 1271 3088 quamobrem

194 3108 500 3210 proficisceretur3
534 3129 656 3208 postea
682 3129 800 3180 autem
826 3115 934 3198 (mox
963 3135 1046 3178 cum
1073 3105 1111 3180 C.
1142 3105 1269 3180 Caesar

195 3227 401 3330 sumpsisset
421 3226 494 3300 iam
513 3227 655 3300 virilem
677 3227 828 3326 togam)
857 3227 1056 3300 amicorum
1083 3226 1269 3322 (adulato-

196 3375 414 3452 rumque-
438 3367 478 3418 ut
496 3347 614 3448 ipsum
626 3347 811 3422 Velleium
827 3353 1007 3444 notemus)
1031 3375 1116 3421 cura
1139 3351 1271 3422 factum

196 3488 267 3561 est,
298 3489 341 3541 ut
364 3493 483 3544 sermo
509 3488 598 3542 esset
623 3467 661 3539 in
689 3469 798 3561 urbe,
824 3465 1011 3544 Tiberium
1035 3471 1110 3542 sola
1141 3490 1177 3540 et
1201 3466 1269 3540 hu·

196 3590 360 3662 munitate
386 3609 419 3660 et
443 3587 657 3686 benignitate
686 3613 772 3686 erga
797 3587 922 3661 Caium
943 3611 979 3662 et
1005 3588 1159 3661 Lucium
1182 3585 1269 3660 Cae·

197 3734 290 3780 sares
311 3728 517 3808 permotum
539 3707 784 3780 voluntarium
810 3708 847 3780 in
875 3709 1020 3780 exilium
1040 3705 1217 3807 migrasse.

295 3847 416 3924 Restat
455 3870 496 3921 ut
532 3848 749 3947 ineptissimo
793 3847 848 3920 isti
890 3847 1062 3922 vocabulo
1099 3850 1193 3919 uiris
1231 3853 1271 3921 bt

196 3968 356 4060 facilem,
375 3968 423 4041 ita
441 3989 571 4042 certam
590 3965 768 4042 medelam
795 3965 1037 4047 adhibeamus.
1077 3967 1270 4050 Disiunctis

198 4087 295 4161 enim
317 4083 454 4158 duabus
480 4087 576 4162 vocis
607 4087 766 4188 partibus
787 4085 908 4157 omnia
929 4087 1037 4188 plana
1063 4109 1144 4160 sunt
1166 4111 1270 4190 atque

196 4209 300 4284 clara.
379 4203 530 4280 Immani
566 4203 705 4302 periodi
746 4204 896 4277 circuitu
937 4205 1010 4278 veri
1052 4206 1271 4292 simillimum

84 4405 87 4411 ,
197 4331 257 4420 fit,
279 4323 477 4434 praemissis
492 4323 660 4398 omnibus
685 4325 767 4419 illis,
797 4351 888 4422 quae
913 4324 950 4397 in
976 4323 1117 4398 landem
1138 4325 1273 4399 Tiberii

918 4427 977 4496 7*
