3044 5150
288 589 353 646 ¹1¹1

284 759 369 860 pag.
384 753 505 852 96,15
532 756 690 858 55599,
710 752 782 852 115
809 783 891 856 pag.
902 755 969 850 99,
985 755 1060 841 285
1088 757 1361 858 5055100115

285 897 368 973 pag.
378 868 551 967 111,115
578 897 660 968 pag.
673 867 765 962 115,
784 866 827 966 15
853 897 934 969 pag.
949 867 1096 966 119,15
1126 900 1160 970 p.
1181 871 1362 970 119,125

274 1012 368 1086 ρας.
385 984 477 1077 120,
491 985 538 1081 95
572 980 846 1082 5155120125
881 982 1069 1084 5555125,
1084 985 1128 1078 95
1159 1014 1195 1084 p.
1216 985 1360 1079 116,2.

285 1095 392 1175 Adde
432 1113 504 1174 tres
534 1097 632 1170 locos
676 1096 805 1197 quihus
841 1098 977 1172 librarii
1014 1098 1119 1197 culpa
1152 1099 1245 1171 idem
1283 1127 1361 1173 ver·

284 1211 371 1288 bum
404 1213 461 1286 his
495 1214 649 1309 positum
684 1211 834 1311 legitur:
879 1237 962 1310 pag.
991 1209 1164 1308 12,175
1196 1209 1360 1307 15,125

286 1325 362 1422 52,
388 1325 425 1400 8.

363 1515 438 1592 Sed
467 1519 667 1617 quaeritur,
695 1545 741 1591 on
768 1517 1013 1616 „toselieiter“
1043 1547 1185 1621 quoque
1211 1524 1358 1621 scripse·

284 1633 332 1705 rit
354 1625 622 1708 Amerbachius.
681 1632 841 1708 Orellius
878 1638 954 1734 ipse
991 1639 1028 1708 in
1058 1635 1176 1710 codice
1209 1632 1359 1711 Amerh.

283 1747 437 1840 „multos
470 1771 607 1820 errores
636 1748 787 1821 feliciter
816 1735 1065 1823 ah'llhenono
1094 1761 1271 1824 correctos
1300 1777 1359 1825 ex·

281 1863 411 1952 ‘sturm‘
439 1861 635 1960 profitetur.
692 1863 743 1934 Et
770 1889 852 1961 pag.
868 1861 979 1954 29,5
1010 1864 1063 1940 ed.
1091 1863 1205 1938 Orell.
1233 1860 1362 1939 Amer-

281 1972 430 2048 bachius
458 2002 581 2050 revera
612 1979 718 2050 vicini
746 1974 871 2066 edens,
899 1976 1087 2049 infeliciter
1117 1980 1261 2077 ingenio
1293 2007 1359 2054 suo
1452 1967 1457 1976 ¹

282 2089 472 2164 indulsisse
508 2088 657 2165 videtur.
725 2087 824 2180 Quid
861 2088 957 2187 quod
992 2089 1086 2162 idem
1120 2093 1247 2188 viginti
1282 2092 1359 2165 fere

281 2201 370 2278 loeis
412 2231 490 2278 mea
533 2204 674 2301 quidem
726 2203 898 2275 sententia
941 2229 960 2274 a
1005 2229 1090 2274 vera
1139 2192 1359 2306 ἀρχετύπου

281 2317 431 2392 lectione
465 2316 657 2388 aberravit:
688 2313 765 2388 cfr.
802 2319 896 2414 enim
932 2343 966 2414 p.
991 2314 1057 2408 10,
1082 2313 1128 2412 85
1160 2341 1195 2411 p.
1212 2311 1286 2406 27,
1313 2310 1358 2411 25

281 2424 1017 2528 5).’13,12517,1518,21560,155
1051 2425 1203 2522 69,285
1231 2424 1360 2526 75,1;
1450 2473 1451 2476 =

280 2540 453 2636 75‚15;
496 2540 639 2636 80,95
681 2538 850 2638 91,275
884 2540 1027 2634 118,8.
1048 2541 1121 2640 155
1160 2536 1359 2636 110,115

283 2653 382 2750 110,
407 2653 479 2751 275
515 2654 612 2748 115,
635 2653 701 2730 25.

370 2865 598 2964 Quapropter
625 2862 728 2936 nobis
754 2863 895 2961 quidem
923 2863 1034 2937 codex
1062 2859 1211 2938 Amet-b.
1241 2887 1356 2934 exem-

280 2978 360 3079 plur
388 2978 478 3051 illud
505 2989 736 3078 properanter
764 2977 810 3050 ad
837 2977 1024 3051 infeliciter
1052 2978 1096 3050 ab
1127 2978 1238 3050 amico
1268 3000 1354 3074 quo-

282 3092 361 3165 dom
390 3085 555 3165 Rhenoni
586 3092 801 3190 descriptum
831 3117 908 3166 esse
936 3091 1085 3166 videtur.
1147 3091 1275 3188 Neque
1303 3099 1354 3160 ta·

281 3233 361 3278 men
389 3204 468 3277 ideo
498 3207 579 3304 quio
603 3204 815 3278 Rhenanun
844 3207 894 3278 ita
919 3205 962 3279 de
983 3205 1187 3306 apographo
1208 3199 1355 3275 Amerb.

280 3311 452 3392 iudicasse
489 3344 691 3411 censemus,
737 3321 769 3392 ei
806 3317 933 3390 iudicio
975 3344 1040 3391 nos
1076 3342 1218 3416 quoque
1258 3340 1355 3389 acce·

215 3507 228 3520 „
281 3432 406 3505 dimus.
486 3422 657 3504 Iniustius
693 3431 786 3504 haud
816 3431 932 3504 'dubie
971 3431 1014 3504 de
1049 3433 1163 3531 pretio
1203 3427 1355 3527 exempli

279 3543 555 3622 Amerhachioni
592 3545 778 3620 iudicabat.
847 3545 955 3640 Quod
997 3555 1037 3616 ut
1073 3545 1194 3642 paucis
1239 3545 1353 3616 osten·

281 3662 431 3755 damuS,
468 3647 719 3761 aggrediamun
754 3661 870 3761 ipsum
910 3659 1066 3733 codicem
1093 3655 1240 3731 Amerb.
1296 3655 1374 3728 Ne
1452 3663 1453 3666 ’

270 3777 410 3868 multa,
445 3777 586 3848 minime
635 3801 826 3874 negamus,
878 3777 984 3846 immo
1031 3772 1230 3871 gratissimo
1268 3795 1354 3868 erga

279 3888 454 3962 Orellium
472 3893 587 3962 animo
613 3891 856 3988 agnoscimus,
886 3883 999 3994 κρίσιν
1025 3885 1244 3959 Velleioncm
1272 3884 1354 3956 novi

269 4003 488 4102 'exemplaris
519 4029 585 4100 ope
614 4003 794 4101 aliquanto
828 4001 993 4075 solidiore
1023 3999 1251 4072 fundamento
1277 3999 1352 4070 niti.

276 4117 395 4189 Locos
413 4115 647 4216 quodraginta
664 4121 929 4208 innotavimus,
959 4113 1088 4214 quibus
1105 4139 1217 4186 novus
1243 4103 1354 4184 codex

277 4233 352 4304 sine
381 4229 488 4304 dubio
517 4233 629 4329 ipsam
664 4256 811 4329 eumque
846 4256 966 4303 veram
1002 4220 1223 4335 ἀρχετύπου
1252 4224 1352 4298 Mur-

275 4343 437 4422 baeensis
470 4345 678 4444 scripturam
704 4343 867 4438 exhibet,
898 4355 933 4418 et
955 4370 1104 4444 quorum
1119 4336 1224 4414 nand
1251 4337 1354 4434 pauci
1488 4423 1489 4442 ρ
