3048 5152
1176 597 1249 671 tto

275 780 413 856 Orellio
434 801 521 856 teste
555 781 594 854 in
625 781 704 860 cod
731 782 877 858 Amerh.
904 783 1033 882 legitur
1059 789 1242 880 „agrame

177 899 253 973 sine
283 901 430 995 lineola,
460 903 698 1002 superscripto
727 903 920 984 dlit'terae
940 909 1003 1001 g“
1041 902 1161 998 hunc,
1205 907 1244 980 ni

177 1021 300 1115 fallor,
318 1009 365 1094 'in
389 1020 555 1096 modum:
583 999 743 1118 egiredie.
795 1022 934 1113 Quodsi
958 1043 1168 1116 statuamus,
1201 1026 1244 1100 li-

178 1142 331 1242 neolam,
355 1141 510 1215 literaee
525 1141 568 1227 ei,
596 1141 693 1239 quod
712 1142 751 1215 iu
771 1142 836 1218 Ed.
855 1173 908 1242 pr.
926 1164 987 1237 est,
1014 1143 1167 1239 egredi&
1186 1173 1244 1218 su·

173 1263 420 1362 perscriptam,
443 1247 615 1355 α’βλεψίᾳ
629 1265 793 1338 omissam
814 1289 888 1336 esse
915 1263 1242 1360 abAmerbacchiO,

175 1380 311 1455 literam
338 1409 420 1456 vero
448 1383 565 1460 delio
597 1404 700 1482 atque
725 1381 771 1454 ad
797 1408 905 1483 quem
928 1383 1138 1482 pertinuerit
1161 1386 1244 1457 loco

176 1503 327 1601 positam
352 1528 465 1575 essee
493 1502 605 1575 scriba
627 1503 854 1575 Murbaccnsi
876 1503 1115 1577 nanciscimur
1140 1502 1244 1578 haec:
1348 1511 1355 1537 ‘

175 1599 345 1718 egredi?
363 1663 406 1701 =
426 1624 653 1714 egrediendi.
706 1606 781 1692 Sub
801 1624 911 1695 verbo
937 1637 1006 1694 aut
1027 1624 1135 1696 latere
1160 1650 1245 1698 oon·

175 1738 331 1815 iicinrus:
362 1769 384 1812 e
406 1745 527 1834 vall03
559 1738 682 1814 deletis
712 1740 880 1814 nimirum
900 1741 1010 1816 literis
1039 1771 1059 1814 e
1087 1770 1113 1816 v
1138 1764 1172 1818 et
1195 1749 1244 1838 lo,

177 1887 269 1962 quae
293 1860 494 1933 restiterunt
519 1863 559 1932 al
581 1887 663 1932 cum
690 1881 774 1932 nota
804 1874 847 1932 ot
868 1860 942 1959 (=
966 1863 1054 1960 aut>
1081 1864 1246 1938 confusae

175 1984 297 2055 literae
324 1980 415 2053 duae
440 2005 517 2054 esse
536 1998 694 2081 possunt
756 1979 929 2062 Fortasse(
949 2001 984 2054 ct
1014 1985 1083 2053 uol
1107 2005 1246 2054 reman-

175 2121 267 2174 serat
295 2099 333 2174 in
373 2099 497 2174 codice
530 2099 694 2175 Murbaci
724 2099 918 2200 descripto,
951 2098 1050 2198 quod
1083 2126 1151 2199 pro
1179 2115 1247 2172 out

175 2247 363 2323 perperam
388 2219 514 2317 legerit
534 2217 742 2294 monachus.

275 2341 377 2427 Quae
397 2364 468 2436 pro
490 2335 643 2411 absurdo
666 2337 734 2412 isto
758 2339 953 2434 impunitis
970 2339 1155 2436 posuimus
1177 2353 1245 2410 aut

173 2463 430 2558 impunitatis,
470 2457 632 2558 quamvis
655 2453 755 2531 haud
777 2475 944 2556 prorsus,
972 2479 1125 2532 atcerte
1154 2485 1245 2559 quo·

175 2581 368 2654 dammodo
397 2576 540 2654 Burerii
566 2577 769 2652 auctoritate
794 2576 985 2652 defendere
1010 2579 1112 2652 nohis
1140 2603 1243 2679 posse

174 2702 350 2776 videmur.
404 2698 528 2787 Quum
546 2699 643 2772 enirn
665 2697 770 2791 dicat,
794 2723 869 2771 sese
886 2725 929 2772 ex
951 2699 1104 2798 vestigiis
1118 2700 1244 2774 veteris

176 2821 309 2896 codicis
329 2817 521 2918 legendum
548 2821 746 2891 coniecisse
770 2843 837 2918 pro
866 2817 1035 2892 immunis
1060 2822 1239 2892 inimicis:

175 2962 332 3044 apparet,
355 2940 515 3038 primurn
536 2938 647 3039 ipsius
672 2935 910 3009 candidissimi
931 2937 1000 3011 viri
1021 2940 1127 3012 verba
1143 2937 1242 3010 nullo

175 3059 285 3136 modo
307 3085 451 3158 cogere,
478 3078 518 3131 ut
539 3057 687 3130 omnino
712 3055 804 3130 nihil
832 3053 926 3130 aliud
949 3057 1016 3131 nisi
1036 3057 1155 3156 ipsum
1180 3079 1242 3130 vo·

175 3184 343 3258 cabulum
380 3181 541 3250 inimicis
574 3179 750 3276 legamus,
794 3174 924 3250 deinde
962 3174 1139 3250 vocabulo
1173 3178 1241 3248 im·

173 3305 298 3376 munis
329 3318 468 3372 tantum
493 3295 631 3370 detrahi
658 3295 892 3383 auctoritatis,
923 3315 964 3367 ut
987 3295 1077 3371 nihil
1098 3297 1243 3369 fortasse

171 3421 326 3496 desimus
350 3417 437 3491 fidei
457 3417 719 3516 diplomaticae,
748 3417 779 3490 si
803 3417 1008 3516 recipientes
1028 3415 1244 3492 vocabulum

174 3543 369 3639 impunitis
392 3539 530 3612 literam
555 3563 599 3629 u,
633 3563 723 3636 qnae
751 3555 804 3612 cst
838 3539 875 3610 in
906 3535 1080 3612 vocabulo
1111 3537 1243 3607 immu-

175 3666 250 3756 nis,
273 3685 338 3734 suo
365 3660 447 3732 loco
473 3657 721 3755 relinquamus.
776 3657 923 3732 Constat
948 3657 1113 3756 denique,
1139 3679 1243 3730 voca·

174 3780 302 3856 bulum
331 3782 526 3874 impunitis
544 3779 694 3878 propius
721 3776 887 3852 accedere
910 3775 957 3848 ad
983 3776 1136 3849 formam
1163 3800 1240 3847 voc.

173 3901 355 3993 inimicis,
377 3900 578 3998 pracsertim
599 3921 747 4000 propter
771 3899 930 3971 iteratam
953 3897 1002 3969 lit
1017 3899 1049 3991 ἐς
1073 3894 1241 3968 facillime

171 4018 279 4117 igitur
300 4017 391 4093 illud
419 4019 518 4118 quod
545 4045 648 4119 saepe
672 4019 743 4091 iam
765 4017 915 4092 diximus
933 4015 1150 4091 vocabulum
1173 4018 1243 4088 im·

163 4142 313 4239 punitis
354 4139 402 4214 ita
448 4139 623 4213 obliterari
657 4157 796 4239 poterat
828 4154 869 4210 ut
900 4153 941 4210 ‚et
978 4138 1173 4228 immunis,
1205 4153 1241 4206 et

171 4263 334 4334 inintiois
361 4261 481 4360 legere
511 4258 577 4332 sibi
601 4256 777 4334 videretur
809 4257 868 4354 qui
898 4253 1067 4330 codicem*
1095 4252 1240 4353 propius

171 4379 370 4478 inspiceret.
