3044 5150
241 583 265 642 Χ

239 763 441 852 „nppmeut
502 749 580 826 Nec
593 763 780 848 propterea
808 750 942 826 nullom
966 749 1225 850 milrigrutiam
1246 751 1307 830 lm·
1337 755 1339 760 ’

239 865 385 978 φθῇς,
418 865 528 940 amice
555 864 686 957 lector,
723 868 818 966 quod
843 894 913 942 nou
940 870 1057 944 omnia
1083 868 1306 943 restituerint.

239 979 403 1075 „Quodsi
428 992 468 1054 tu
492 981 601 1056 scires
628 1005 734 1078 qnam
762 1006 830 1078 epo
858 980 1047 1054 labor-arim
1072 979 1109 1052 in
1132 979 1187 1052 his
1208 983 1305 1079 fing-

238 1097 391 1187 „mentis
421 1105 600 1191 utcunque
624 1093 865 1186 restituendis,
899 1093 1023 1188 credo,
1055 1092 1219 1187 fatebris,
1251 1094 1309 1170 Te

239 1210 348 1304 ,pnihi
368 1205 687 1284 nonnihildebere.
744 1208 873 1307 Neque
904 1211 996 1282 enim
1013 1209 1093 1307 quia
1117 1207 1177 1278 Tu
1197 1207 1308 1282 multa

239 1323 397 1420 ,urbsque
421 1320 614 1394 offensione
642 1321 755 1420 legis,
785 1321 916 1396 idcirco
945 1322 1057 1397 codex
1073 1322 1199 1420 planus
1212 1333 1310 1425 erata

238 1442 333 1531 „imo
361 1435 449 1508 nihil
478 1445 553 1507 erat
577 1459 649 1509 non
677 1434 925 1532 depravatum,
961 1438 998 1508 in
1025 1436 1174 1535 singulis
1195 1462 1309 1535 paene

239 1549 382 1644 „uerbis
405 1546 624 1623 haerebatur.
669 1548 891 1625 Fatebuntur
910 1578 965 1624 me
983 1578 1066 1625 vera
1092 1550 1206 1624 dicere
1232 1551 1308 1650 qni-

238 1691 405 1763 „cunque
430 1675 606 1737 vetustum
634 1663 788 1740 codicem
796 1668 1043 1764 inspexerint,
1074 1666 1134 1764 qui
1157 1666 1307 1742 inMur·

237 1778 404 1872 ,duacensi
419 1776 632 1852 bibliotheca
644 1777 811 1878 adlw)
829 1793 1039 1854 asservatur.
1076 1778 1233 1852 Proinde
1251 1805 1307 1850 co·

236 1894 338 1992 „gite
354 1895 495 1990 quantis
511 1895 595 1970 mihi
610 1893 739 1992 vigiliis
756 1896 951 1967 constiterit
965 1894 1051 1967 haec
1068 1895 1182 1992 qualis
1194 1893 1309 1991 qualis

237 2008 552 2108 ,‚castigatio“**).
598 2011 701 2103 Quae
716 2011 775 2105 qui
793 2006 882 2103 legit
897 2032 968 2078 non
991 2007 1155 2104 negabit,
1171 2009 1308 2103 opinor,

236 2120 401 2194 Rhenani
429 2123 591 2218 manibus
620 2122 740 2193 tritum'
768 2146 846 2220 esse
874 2123 989 2219 ipsum
1019 2118 1175 2194 codicem
1207 2119 1308 2195 Mur·

236 2234 434 2310 luccensem.
496 2236 605 2330 Quod
624 2261 733 2332 quum
761 2237 810 2305 ita
838 2234 903 2325 sit,
930 2233 1125 2305 Rhenanus
1154 2233 1310 2306 codicem

236 2352 313 2448 ipse
337 2376 402 2422 sua
423 2375 529 2420 manu
554 2348 782 2445 descripsisse
800 2347 959 2440 videtur,
986 2347 1047 2418 illo
1067 2347 1167 2419 amici
1192 2373 1308 2419 exem·

235 2462 296 2560 plo
328 2462 469 2534 omnino
507 2462 671 2560 seposito.
735 2461 862 2559 Neque
892 2465 985 2536 enim
1021 2503 1070 2516 —-
1099 2472 1138 2532 ut
1166 2461 1234 2532 iam
1264 2459 1309 2532 ad

237 2575 387 2649 nlternm
419 2575 625 2650 accedamus
663 2586 909 2673 argumentum
945 2615 1003 2630 --
1040 2573 1206 2648 credibile
1243 2585 1308 2668 est,
1352 2626 1354 2631 ·

236 2689 386 2765 Beatum
414 2690 592 2809 exemplar
619 2689 709 2761 illud
735 2688 923 2763 infeliciter
950 2688 1164 2788 descriptum
1194 2701 1309 2762 emen·

237 2804 340 2876 desse
367 2816 504 2877 tantum
534 2816 569 2877 et
604 2829 685 2875 cum
711 2803 788 2900 ipso
817 2804 938 2876 codice
969 2815 1207 2901 comparatum
1239 2803 1310 2876 edi·

237 2918 340 2993 disse.
411 2918 654 3018 Quinquennii
690 2919 839 3014 spatium
874 2919 1112 3016 <exspectavit
1144 2921 1236 2991 enim
1265 2917 1310 2990 ab

236 3059 329 3106 anno
359 3037 498 3108 circiter
528 3029 635 3106 1515
670 3057 784 3131 usque
818 3032 864 3104 ad
892 3060 1022 3106 annum
1049 3029 1181 3126 1520)
1214 3030 1310 3104 Rhe-

235 3173 366 3220 nanum
401 3147 581 3245 impulisse
614 3146 772 3237 videtur,
809 3158 849 3219 ut
877 3189 926 3200 —
957 3146 1052 3248 quod
1091 3146 1204 3220 seduli
1233 3145 1310 3216 dili-

236 3263 424 3360 gentisquc
450 3259 610 3333 Editoris
638 3261 779 3332 omnino
797 3265 899 3333 ‘esset
919 3303 969 3314 -
994 3286 1095 3332 suam
1123 3264 1199 3400 ipse
1229 3285 1312 3358 ope·

235 3400 311 3448 rum
342 3377 380 3447 in
406 3400 498 3447 novo
528 3372 688 3472 exemplo
715 3400 822 3446 manu
851 3373 1026 3446 exarando
1055 3373 1253 3447 collocaret.

1146 3475 1153 3514 l

320 3523 373 3601 At
396 3531 597 3629 quaeritur,
632 3529 693 3602 ubi
722 3555 941 3604 commorans
969 3527 1164 3604 Rhenanui
1185 3530 1313 3603 ‘codice

237 3643 468 3720 Murhacensi
496 3670 582 3716 usus
612 3643 737 3718 fucrit:
769 3656 887 3717 utrum
916 3644 1102 3738 Murbaci,
1132 3671 1177 3715 an
1206 3643 1313 3716 alibil

179 3861 181 3866 ’
298 3865 325 3938 ⁸)
358 3867 463 3920 Parum
489 3871 616 3922 cccmste
644 3866 714 3920 haec
738 3865 840 3936 scripto
865 3871 935 3924 sunt.
976 3865 1088 3920 Etenim
1110 3882 1145 3917 nc
1168 3871 1228 3919 tum
1254 3865 1314 3935 qui-

361 3949 424 4002 dem
450 3968 534 4020 quum
563 3950 634 4002 hucc
658 3949 732 4020 typis
757 3966 856 4003 excuso
877 3953 969 4014 erant,
996 3951 1161 4002 Murbscurn
1183 3951 1312 4004 remissus

361 4038 423 4087 crat
444 4036 545 4101 codex,
569 4035 618 4088 sed
640 4033 771 4090 Basilccc
798 4038 859 4087 eret
878 4033 908 4086 in
933 4033 1047 4086 cedibus
1068 4033 1213 4102 Frobcnii,
1241 4035 1312 4088 unde

359 4115 490 4171 Burerius
520 4135 600 4182 cum,
636 4121 668 4168 nt
695 4115 828 4183 diximus,
859 4127 956 4170 'secum
987 4117 1098 4170 domum
1129 4123 1313 4188 comportasse

361 4199 513 4270 profitetur.
554 4198 683 4252 Rhennni
703 4200 790 4253 menti
812 4201 1010 4254 obversabatur
1027 4207 1135 4272 tempus
1153 4202 1237 4267 illud,
1260 4215 1314 4270 quo

359 4284 447 4336 lector
467 4281 571 4335 librum
591 4283 755 4350 impressum
774 4283 802 4338 iu
820 4283 948 4339 manibus
965 4285 1113 4342 habiturus
1135 4289 1215 4339 esset

291 4388 329 4458 ”)
362 4387 423 4443 Vid.
442 4388 493 4442 Ed.
511 4405 552 4457 pr.
572 4405 598 4457 p.
616 4387 663 4442 70.
