3048 5152
469 957 719 1053 QAPM
746 961 929 1055 xou

447 1129 515 1197 ven.
538 1141 648 1214 11,121.
666 1139 692 1196 1.
710 1139 800 1214 p.139
823 1142 955 1200 suoru.

244 1319 324 1390 „Qui
347 1322 483 1376 concussis
508 1322 632 1376 hostium
651 1321 755 1376 virr‘bua
781 1321 903 1376 classicis
929 1320 1104 1392 peditumque
1130 1321 1238 1392 etpedi-

162 1421 283 1478 tiouihur
302 1443 365 1479 cum
381 1444 425 1480 rea
440 1425 597 1480 Galliarum
609 1426 746 1480 maximae
762 1426 845 1480 molis
858 1441 1038 1495 accensusque
1056 1425 1144 1494 plebia
1156 1426 1238 1480 Vicu-

162 1528 286 1582 ueusium
320 1529 497 1584 diueuaioues
532 1525 688 1583 coertione
719 1528 811 1598 megia
848 1545 931 1598 quam
966 1545 1054 1598 poeue
1093 1529 1239 1597 molliciei,

159 1636 287 1688 renuas
298 1627 489 1708 motuque
505 1622 544 1686 u.
567 1624 763 1704 (postulante
775 1633 874 1704 'petre
890 1626 981 1706 citu)
1004 1637 1036 1686 ut
1060 1647 1160 1702 aqum
1178 1632 1238 1694 οἱιιι

161 1733 191 1788 iu
211 1733 338 1787 omuibus
358 1733 504 1803 provinciis
521 1733 738 1804 exercitibusque
760 1737 846 1800 cerei,
869 1749 954 1803 quom
973 1740 1034 1793 erut
1050 1734 1108 1805 ipae
1129 1737 1238 1794 decute

161 1838 319 1908 complexos
336 1839 438 1892 erret.“
484 1837 535 1892 ud.
557 1854 598 1906 pr.
615 1854 640 1907 p.
656 1834 704 1895 ⁶4.

160 2082 338 2192 Fortasse
361 2116 573 2218 legendum:

268 2333 295 2368 „
304 2284 489 2353 Senatum
515 2283 775 2378 populumque
806 2281 854 2354 R.
884 2285 1101 2378 postulante
1122 2297 1238 2378 patre

268 2403 367 2487 eius,
402 2416 446 2474 ut
468 2428 632 2500 aequum
657 2413 701 2478 ee·
719 2411 796 2482 lm
823 2403 863 2474 iu
894 2403 1063 2474 omuibus
1082 2405 1239 2499 prouin-

269 2523 339 2594 ciis
378 2522 672 2620 exercitibusque
710 2537 831 2616 esset,
871 2548 986 2620 quom
1023 2528 1128 2620 quod
1156 2525 1238 2621 'risse

270 2643 420 2713 decreto
446 2645 641 2738 amplexus
666 2655 783 2714 esset:
809 2644 976 2714 etenim“

159 2798 301 2874 Vocem
319 2815 406 2873 erat
442 2802 481 2874 in
515 2807 620 2898 quod
643 2803 778 2878 mutavi
804 2829 943 2878 memor
977 2804 1116 2878 literam
1143 2831 1166 2876 r
1197 2803 1236 2877 iu

161 2919 345 2994 codicibus
364 2947 477 3022 quum
500 2919 653 2996 detracta
667 2921 758 2994 infra
781 2949 923 2998 versum
942 2923 1072 3008 lineola
1096 2922 1237 2996 derecta

160 3039 367 3131 scribatur,
401 3041 524 3135 facile,
565 3042 772 3142 praesertim
805 3041 926 3116 addita
956 3040 1236 3141 praecedeuteve

159 3161 261 3246 litera
292 3191 335 3257 e,
367 3188 433 3263 pro
460 3161 510 3235 lit.
536 3189 561 3258 q
589 3161 702 3260 accipi
730 3187 842 3260 posse.
923 3161 1087 3236 Verbum
1118 3181 1237 3234 autem

156 3285 381 3379 postulandi
404 3281 510 3372 etiam
540 3309 623 3386 cum
649 3281 846 3356 accusativo
867 3307 1041 3382 personae
1066 3280 1237 3376 construi,

160 3401 293 3478 docent
323 3401 561 3488 Grammatici.
645 3400 811 3476 Ceterum
842 3402 924 3476 satis
959 3402 1104 3504 longam
1148 3400 1233 3473 h.l.

160 3520 350 3621 periodum
373 3521 475 3612 fiuxit
497 3521 670 3600 Velleius.
