3044 5150
243 605 305 666 MV

243 773 426 850 lectionem
452 785 662 873 assequutus
690 775 773 848 sit“
828 774 911 850 via
935 775 1026 850 vett
1051 802 1095 849 ex
1114 778 1168 851 sd.
1182 777 1311 852 Rrans.

242 915 276 987 p.
293 883 357 960 52.
415 886 537 981 Quid?
576 911 660 960 num
691 885 906 980 Rhenanus,
935 902 1122 988 postquam
1149 893 1224 989 ipsc
1253 917 1310 964 co·

242 1001 356 1076 dicem
378 1000 581 1100 descripsit,
611 1001 812 1075 coniectura
830 1002 954 1077 incidit
980 1007 1017 1075 in
1044 1003 1157 1101 ipsius
1180 1005 1316 1080 codicis

243 1141 349 1215 quem
388 1140 529 1214 quoque
563 1117 732 1211 temporis
767 1128 943 1190 momento
973 1119 1148 1216 inspicere
1174 1130 1314 1217 poterat

243 1229 458 1330 scripturas?
516 1227 610 1316 Rem
645 1229 729 1302 satis
768 1233 891 1302 miram
926 1244 1087 1305 narraret
1124 1234 1315 1326 lirausins,

243 1342 431 1420 dummodo
459 1367 542 1414 vcra
572 1353 673 1416 esset.
731 1338 784 1416 At
800 1370 884 1417 vero
911 1371 1002 1444 quae
1027 1346 1088 1419 ille
1111 1373 1176 1443 pro
1199 1348 1314 1445 ipsius

242 1459 372 1534 codicis
400 1455 630 1549 lectionibus,
667 1483 689 1528 a
717 1456 868 1531 Burerio
896 1458 1039 1554 relatis,
1078 1459 1204 1555 babet,
1248 1486 1310 1534 eae

240 1573 381 1644 Burerii
421 1572 609 1643 nescientis
654 1572 873 1646 coniecturae
919 1585 1021 1666 sunt,
1072 1577 1135 1673 qui
1181 1574 1315 1664 codicis

241 1687 448 1778 auctoritate
484 1685 586 1756 inniti
628 1695 768 1782 putaret
804 1673 894 1787 (puae
922 1685 1118 1761 Rhenanus
1160 1689 1312 1788 margini

241 1800 460 1895 ascripserat.
517 1798 562 1870 ld
590 1797 687 1897 quod
719 1795 824 1898 plane
852 1805 1064 1899 perspicitur
1096 1829 1140 1876 ex
1163 1801 1312 1902 papirii
1364 1853 1387 1867 .

240 1943 279 1987 v.
297 1909 353 1984 25
385 1910 454 1984 Ed.
481 1939 555 2010 pr.3
596 1908 957 2003 l.11.c.112§.5.
1015 1917 1098 2008 Quo
1121 1916 1201 1991 loco
1224 1917 1313 1991 Edi·

240 2028 346 2102 tionis
362 2027 530 2128 principis
546 2029 584 2098 in
598 2027 755 2099 oratione
772 2037 842 2098 est:
859 2029 1154 2132 diripentibusque
1170 2041 1314 2105 ctiam

193 2161 196 2166 '
240 2170 329 2218 arasa
360 2143 547 2241 oonpredi5
584 2141 621 2210 in
647 2140 805 2238 margine
833 2139 980 2240 legitur:
1015 2139 1127 2232 „Al’s
1165 2142 1312 2218 *aciem

240 2254 303 2330 Ad
318 2255 405 2330 haec
431 2255 612 2327 Burerius:
639 2303 666 2344 „
674 2251 871 2351 exemplar,
900 2255 1036 2352 inquit,
1064 2266 1165 2328 vetus
1195 2255 1314 2348 habet,

240 2369 545 2469 dirigentibusquc
584 2366 705 2442 aciem.
734 2365 839 2438 lectio
875 2369 985 2466 igitur
1017 2370 1223 2468 marginalis
1257 2395 1311 2444 re·

238 2494 391 2583 ponatur
424 2482 462 2552 in
495 2478 653 2552 ordinem
690 2482 829 2552 suum.“
897 2476 951 2554 At
987 2482 1148 2556 consulas
1184 2479 1311 2556 Amer-

127 2629 132 2646 ·
239 2593 420 2686 bachium,
457 2592 551 2693 apud
581 2619 685 2690 quem
718 2592 857 2666 Orellio
885 2623 923 2693 p.
944 2591 1024 2667 128
1053 2596 1106 2669 ed.
1137 2625 1219 2672 suae
1251 2585 1311 2670 aui

241 2723 339 2785 ctorc
357 2705 569 2782 vocabulum
598 2710 722 2780 ariam
750 2712 1025 2807 superscriptum
1055 2721 1109 2784 est
1137 2710 1312 2786 vocabulo

241 2829 366 2917 acient,
382 2832 422 2893 ut
445 2833 622 2921 appareat,
639 2817 705 2894 hac
720 2823 757 2892 in
775 2848 814 2894 re
832 2821 1038 2896 dubitationi
1052 2823 1171 2900 locum
1189 2827 1312 2932 fuisse,
1352 2824 1354 2828 ’
1443 2829 1445 2834 ’

240 2964 355 3039 neque
383 2935 528 3037 planum
557 2935 745 3034 admodum
772 2935 882 3009 fuisse
906 2951 1024 3010 utrum
1051 2965 1118 3038 pro
1146 2944 1252 3015 ctiam
1267 2968 1312 3014 an

240 3079 306 3154 pro
332 3057 442 3127 actem
472 3049 715 3150 accipiendum
744 3061 839 3123 esset
863 3049 972 3146 iliud,
1001 3051 1097 3152 quod
1124 3052 1220 3127 haud
1247 3054 1309 3126 du·

239 3166 298 3240 bie
337 3167 376 3236 iu
419 3165 536 3237 codice
579 3165 738 3255 exstitit,
787 3167 912 3238 ariam.
997 3167 1165 3241 Efficitur
1210 3191 1311 3266 ergo,

191 3367 193 3371 ι
239 3280 451 3353 Rhenanum
486 3277 597 3375 ipsius
633 3276 766 3349 codicis
803 3280 1012 3374 scripturam
1041 3285 1155 3353 ceiam
1188 3291 1310 3380 utpote

240 3392 428 3467 absurdam
458 3391 664 3488 explicasse,
695 3389 884 3462 Burerium
911 3414 1008 3482 vcro,
1037 3417 1146 3490 quum
1175 3390 1311 3468 rideret

240 3507 361 3580 literas
386 3532 430 3579 ac
444 3507 480 3576 in
496 3533 530 3576 v.
551 3509 683 3596 ariam,
710 3501 874 3578 Rhenani
901 3508 1150 3600 coniecturam,
1179 3510 1311 3606 quippe

241 3649 347 3722 quam
381 3646 446 3720 pro
475 3630 571 3692 certa
602 3617 748 3691 baberet
779 3629 815 3691 et
847 3619 1045 3716 explorata,
1074 3621 1309 3694 confirmasse.

240 3737 291 3810 Et
319 3762 424 3835 saepe
451 3734 623 3806 Burerius
651 3735 775 3805 tacitas
803 3731 968 3804 Rhenani
1008 3739 1242 3808 correctiones
1278 3737 1309 3807 si

240 3859 357 3923 certae
396 3859 479 3922 sunt
523 3848 649 3920 tacitus
685 3847 765 3919 tulit
808 3846 1050 3945 absurdasq'ue
1086 3860 1121 3920 et
1157 3848 1309 3922 absonas

240 3961 371 4037 codicis
386 3962 556 4035 lectiones
573 3973 742 4034 annotare
766 3963 893 4036 omisit
952 3960 996 4032 ld
1025 3961 1120 4060 quod
1147 3990 1241 4036 nunc
1268 3988 1310 4036 ea

241 4075 358 4150 codice
396 4070 681 4149 Amcrbachiano
712 4085 929 4173 compertum
965 4072 1145 4150 habemus.
1207 4078 1309 4175 Ergo

239 4213 355 4290 neque
391 4187 587 4262 Rhenanus
623 4214 738 4285 neque
775 4188 946 4261 Burerius
979 4187 1015 4266 h.
1042 4189 1066 4263 l.
1105 4192 1217 4292 ipsam
1252 4213 1307 4260 co·

241 4303 331 4378 dicis
363 4314 485 4402 utpote
521 4291 747 4403 depravatam
788 4301 971 4379 lectionem
1005 4329 1095 4379 cum,
1119 4302 1310 4379 lectoribus

242 4411 519 4494 communicavit.
