3048 5152
451 831 454 838 ’
527 923 530 934 .
600 895 1020 1028 'carun-xo„

556 1058 622 1111 vsu.
634 1059 669 1126 11,
684 1026 751 1110 uoq
767 1056 792 1110 1.·
810 1077 837 1130 p.
852 1055 903 1111 137
921 1059 961 1113 aa.
974 1057 1060 1146 orer.w
1079 1067 1086 1084 ·
1152 1139 1155 1152 Ι
1194 1023 1198 1030 ’

348 1207 539 1282 „Praesidio
559 1211 670 1282 munit,
697 1231 732 1271 sc
756 1211 964 1292 mapuitcdiue
989 1230 1047 1271 uta
1071 1199 1268 1286 nmrlldacs'a
1291 1210 1343 1271 ho-

268 1312 359 1371 stium
380 1315 538 1374 metiens.“
581 1320 632 1374 Ed.
652 1337 690 1388 pr.
714 1339 739 1388 p.
753 1320 799 1379 63.
1175 1313 1176 1320 ¹

265 1553 449 1666 Burerius
478 1619 583 1690 quem
606 1619 745 1668 morem
768 1593 1118 1682 inlannotatiouibus
1143 1592 1351 1675 scribendis,

265 1731 435 1810 sequutus
457 1712 500 1784 sit
533 1711 650 1786 adhuc
674 1741 812 1813 parum*
833 1733 1056 1813 perspectum
1085 1734 1136 1786 est
1164 1734 1197 1784 et
1231 1714 1340 1812 expli-

263 1848 391 1906 catum.
441 1833 517 1905 Alii
545 1835 660 1927 enim,
690 1860 777 1930 quos
806 1835 963 1906 nominat
979 1833 1178 1926 ¹Krausius,
1202 1837 1235 1906 ei
1258 1835 1340 1905 satis

261 1948 388 2022 iniuste
428 1978 571 2024 omnem
605 1953 872 2054 propemodum
909 1952 1019 2026 fidem
1056 1951 1243 2025 detrahere
1278 1979 1339 2026 co·
1393 1995 1397 2020 t

263 2091 412 2164 uantur,
443 2073 501 2144 alii
529 2073 745 2148 Ruhnkenio
780 2095 969 2174 praeeunte
995 2073 1071 2144 falsi
1097 2094 1251 2147 suntet
1276 2073 1352 2146 de-.

263 2193 359 2291 cepti
380 2192 489 2292 ipsius
516 2195 656 2266 Burerii
681 2215 955 2296 quantacunque
985 2193 1181 2291 diligentia.

362 2309 436 2398 Qui
451 2339 562 2410 quum
585 2342 660 2388 sese
684 2342 797 2403 „non
825 2313 934 2386 modo
960 2339 1100 2400 versum
1118 2313 1248 2417 versui,
1272 2312 1339 2385 sed

260 2433 402 2525 „ctiam
427 2435 597 2536 syllabam
621 2436 772 2536 syllabae
799 2456 832 2508 et
858 2433 973 2534 (quod
995 2435 1101 2507 alicui
1122 2435 1204 2531 plus
1230 2459 1338 2530 quam
1414 2467 1417 2475 ¹

259 2579 281 2646 3,
290 2553 471 2626 curiosum
486 2583 526 2626 ac
548 2580 640 2653 pene
656 2558 803 2628 stultum
819 2554 927 2628 videri
944 2565 1064 2653 queat)
1078 2554 1182 2624 etiam
1196 2553 1353 2644 literam¹

259 2672 404 2764 „literae
430 2675 640 2746 contulisse“
665 2674 889 2771 praedicarit,
907 2673 979 2746 hoc
1001 2702 1104 2744 suum
1118 2673 1351 2774 promissum.

261 2790 528 2890 diligentissime
560 2795 718 2869 exsolvit.
774 2795 872 2880 Quin
904 2793 992 2866 adeo
1021 2815 1117 2867 tanta
1141 2822 1223 2865 curn
1249 2820 1349 2888 cura¹

259 2937 337 2990 rem
360 2913 465 3011 gessit
488 2941 607 3008 suam,
637 2933 710 2987 tam
734 2915 836 2990 auxie
865 2915 984 2988 omnia
1011 2932 1247 3012 perscrutatus
1269 2935 1336 3007 est,

257 3053 299 3104 ut
325 3059 403 3106 eam
434 3034 547 3134 ipsam
578 3037 624 3108 oh
654 3063 811 3110 caussam
839 3064 858 3106 a
892 3034 1016 3106 multis
1049 3035 1112 3133 qui
1144 3033 1182 3106 id
1214 3034 1335 3107 minus

254 3177 487 3253 perceperant
524 3157 653 3228 iniuria
691 3158 734 3228 sit
769 3157 992 3256 vituperatus.
1057 3153 1101 3226 In
1142 3154 1333 3228 excitandis

258 3272 354 3344 enim
377 3295 491 3347 textus
517 3303 625 3374 quem
646 3275 771 3350 dicunt
792 3277 908 3350 verbis
932 3277 1102 3348 Burerius
1127 3276 1157 3346 si
1180 3277 1271 3348 forte
1293 3275 1333 3348 id

254 3412 391 3468 tantum
430 3395 523 3492 agit,
573 3416 612 3466 ut
659 3417 717 3468 aut
766 3398 958 3471 verborum
1004 3396 1219 3494 positionem
1270 3416 1332 3466 aut

253 3516 418 3588 vocabuli
447 3515 594 3587 alicuius
628 3542 718 3615 quae
754 3519 863 3614 vulgo
892 3518 1029 3614 legatur
1063 3517 1217 3588 sormam
1252 3541 1330 3586 mu-

253 3634 398 3707 tandam
443 3661 516 3710 esse
561 3637 756 3734 significet,
808 3639 947 3734 singula
990 3634 1170 3708 interdum
1219 3637 1327 3710 verba

254 3745 392 3836 omittit.
452 3755 580 3856 Neque
617 3777 732 3828 tamen
769 3756 841 3830 hoc
872 3756 954 3829 ideo
993 3758 1114 3828 fecisse
1146 3754 1329 3853 putandus

255 3895 324 3964 est,
353 3876 453 3974 quasi
476 3877 565 3950 haec
590 3905 680 3978 quae
706 3877 823 3950 omisit
846 3879 954 3950 verba
981 3877 1083 3948 etiam
1107 3878 1175 3975 ipsi
1196 3876 1329 3949 Velleii

253 3993 489 4069 abiudicauda
517 4024 590 4072 esse
624 4017 780 4090 censeat,
816 4022 925 4092 eaque
956 3996 992 4068 in
1030 3996 1154 4069 codice
1183 3997 1328 4070 Murba·

253 4113 349 4187 censi
379 4117 527 4213 reperiri
556 4138 678 4215 neget,
717 4116 780 4190 scd
815 4117 896 4212 quia
932 4146 1039 4218 quam
1069 4117 1327 4189 accuratissime

252 4231 380 4331 agendi
412 4234 531 4308 studio
561 4236 665 4335 plane
702 4257 826 4334 captus
859 4255 932 4309 erat
962 4259 998 4308 et
1029 4258 1225 4336 occupatus
1261 4237 1328 4308 alia

253 4357 373 4427 omnia
395 4353 649 4454 vilipendebat,
677 4357 932 4458 omittebatque
957 4358 1135 4435 universa
1166 4358 1239 4432 loci
1264 4357 1329 4430 ali·
