3048 5152
267 528 318 606 98

267 722 444 797 intrusum
467 745 548 796 csse.
600 718 729 820 Neque
755 741 876 796 tamen
903 724 1075 798 intactum
1098 723 1348 826 derelinquere

266 842 304 916 in
334 841 452 916 animo
478 858 536 912 esc
594 839 736 938 Cogites
761 841 873 915 modo
902 842 947 915 de
973 869 1075 918 sensu
1105 846 1187 926 loci.
1242 845 1344 922 Num

266 961 346 1038 fieri
374 958 512 1058 potuit,
542 979 580 1032 ut
605 959 720 1032 solius
747 961 849 1034 Bruti
878 962 938 1036 hic
963 963 1097 1038 mentio
1122 965 1340 1054 iniiceretur,

267 1109 380 1181 quum
399 1080 505 1152 Bruti
526 1105 658 1152 nomen
682 1081 719 1153 in
742 1082 1036 1180 praecedentibus
1060 1110 1175 1182 neque
1194 1086 1343 1186 legatur,

267 1225 386 1300 neque
411 1224 491 1272 mea
516 1197 663 1298 quidem
689 1200 858 1300 opinione
884 1203 956 1300 legi
979 1202 1116 1302 possit?

342 1317 482 1405 Quibus
508 1317 553 1390 de
579 1318 708 1390 caussis
735 1321 933 1418 legendum
954 1323 1181 1398 coniicimus:
1271 1397 1274 1402 ,

376 1439 519 1525 „Proh
554 1439 609 1512 dii
642 1442 898 1535 immortales,
933 1449 1036 1539 quod
1070 1446 1184 1516 huius
1219 1450 1346 1518 volun·

376 1561 469 1630 tatis
490 1583 583 1652 erga
605 1569 868 1640 Bruttianus
885 1577 1027 1659 postea
1052 1567 1113 1635 vir
1141 1577 1222 1636 tam
1244 1568 1347 1638 mitis

370 1681 539 1773 pretium
552 1681 671 1751 sulit!
678 1683 700 1722 “

268 1797 387 1872 Litera
411 1827 449 1890 s,
479 1795 618 1870 residua
641 1825 682 1870 ex
706 1802 882 1874 vocabulo
906 1804 1140 1894 Brutianae,
1163 1823 1345 1880 ‚vetustate

267 1944 379 2018 paene
411 1917 548 2012 deleto,
583 1940 618 1991 et
650 1922 799 1994 voculae
837 1949 929 1992 suae
957 1920 1198 1994 coniiciendae
1225 1951 1343 1996 ansam

270 2039 369 2114 dedit
398 2059 433 2111 et
458 2039 502 2111 ab
528 2038 791 2114 Amerhacchio
820 2039 961 2112 videtur
987 2040 1115 2114 omissa
1143 2069 1226 2116 esse.

554 2444 802 2537 GAPM
843 2443 1049 2538 nm
1165 2433 1166 2436 Ὺ

581 2605 649 2661 vell.
657 2607 695 2676 11,
707 2601 752 2660 96.
771 2627 797 2680 p.
811 2605 870 2660 113.
884 2609 924 2668 ed.
933 2609 1016 2664 Orell.

327 2756 473 2832 „Genetes
488 2757 717 2822 Pannonium
731 2757 1004 2843 Delmatarumqsae
1022 2764 1196 2824 nutimws.“
1237 2770 1287 2822 Ed.
1301 2787 1341 2837 pr.

263 2887 289 2937 p·
315 2870 363 2926 52.

263 3067 374 3177 Mea
403 3103 550 3202 quidem
578 3102 747 3200 opinione
781 3101 934 3174 nimium
962 3122 1134 3201 quantum
1169 3105 1341 3203 languent

263 3250 354 3326 quae
373 3223 409 3296 h.
428 3225 452 3296 l.
473 3223 667 3321 composita
683 3221 843 3296 videmus
867 3221 1041 3295 vocabula
1063 3220 1152 3294 duo:
1200 3217 1340 3298 Genles
1393 3249 1398 3255 ·

262 3366 298 3419 et
321 3348 502 3418 nationes.
561 3342 659 3429 Quid
683 3343 713 3415 si
737 3343 991 3416 scriberemus:

479 3465 655 3555 „Gentis
680 3466 748 3535 Pa.
770 3464 884 3558 une
909 3464 1115 3535 nationes.“

260 3586 315 3660 Ita
339 3586 430 3658 infra
463 3583 577 3683 capite
602 3579 761 3655 XCVIII
788 3608 912 3654 omnes
938 3581 1115 3657 Thraciae
1141 3584 1257 3684 gentis
1276 3611 1338 3657 na·
1403 3626 1405 3630 ·

262 3708 376 3780 tiones
400 3723 655 3777 memorantur.
700 3701 760 3774 Sic
786 3702 922 3800 optime
948 3729 991 3776 eo
1018 3732 1126 3804 quem
1147 3725 1336 3779 tractamus

263 3829 347 3900 loco
374 3824 537 3900 Velleius
575 3821 643 3896 sibi
672 3821 827 3922 singulas
876 3849 962 3922 quas
1000 3822 1129 3898 viderit
1163 3824 1271 3898 totius
1304 3847 1338 3898 et

262 3943 488 4022 Pannonicae
509 3962 543 4015 et
559 3942 775 4020 Delmaticae
796 3942 913 4040 gentis
934 3943 1094 4018 nationes
1116 3943 1153 4017 in
1177 3945 1337 4030 animum

260 4083 449 4142 revocaret.
