3044 5150
279 581 330 658 44

283 775 465 864 Pontiae,
499 768 639 869 egregie
669 771 870 864 potentine
898 767 1087 844 efficientis.
1148 767 1205 842 De
1239 766 1351 844 altero

279 918 366 965 vero
385 889 485 992 quod
510 892 547 964 in
573 888 733 964 medium
754 890 889 1002 profert
907 889 1140 985 male’ausim
1163 889 1349 963 incurrere

279 1011 318 1084 in
352 1009 499 1084 Kransii
541 1009 849 1110 vituperationem:
899 1010 1166 1103 „felicissimam
1199 1031 1234 1082 et
1271 1011 1350 1111 pule

279 1130 490 1204 cherrimam
530 1128 642 1227 Lipsii
667 1129 906 1202 coniecturam
943 1129 1168 1225 insequentes
1201 1128 1350 1202 Criticos

277 1251 464 1350 ingenium
488 1275 595 1320 suum
621 1270 661 1320 ut
683 1248 844 1322 videatur
865 1269 1100 1322 ostentaturos
1119 1248 1349 1322 deseruisse.“

277 1370 419 1444 Etenim
444 1395 484 1440 ea
510 1369 618 1441 estin
639 1367 805 1469 Lipsiana
829 1369 981 1443 lectione
996 1371 1190 1443 verborum
1210 1369 1349 1469 positi0,

278 1511 318 1562 ut
347 1489 478 1561 mirum
508 1487 626 1588 potius
656 1515 728 1563 esse
760 1489 941 1583 videatur,
979 1511 1032 1563 tot
1061 1511 1247 1591 tantosque
1273 1488 1349 1562 Cri·

277 1610 365 1684 ticos
410 1609 447 1680 in
489 1634 529 1681 ea
575 1609 799 1708 acquievisse.
874 1609 1043 1710 Namque
1085 1608 1176 1683 haee
1218 1609 1346 1708 Lipsii:

277 1783 302 1822 „
310 1727 429 1822 Obiit,
458 1729 505 1801 ait
530 1729 753 1826 (Velleius),
789 1730 934 1804 unicum
961 1731 1092 1832 pignus
1117 1758 1143 1804 s.
1167 1729 1349 1824 vinculum

279 1848 490 1921 concordiae
506 1848 598 1919 male
621 1847 689 1919 iam
708 1847 905 1922 haerentis“
932 1876 1050 1922 nonne
1071 1878 1111 1923 ea
1134 1851 1209 1950 ipsa
1235 1871 1349 1922 osten·

280 1969 389 2059 dunt,
425 1971 591 2043 voculam
626 1972 704 2039 inm
744 1994 787 2040 ex
818 1968 887 2041 hac
919 1967 1032 2070 Lipsii
1064 1971 1235 2044 sententia
1267 1972 1348 2044 satis

275 2089 397 2188 inepte
423 2088 576 2189 positam
612 2114 685 2160 esse
719 2107 799 2188 post
830 2093 1014 2183 medium,
1047 2119 1160 2189 quum
1185 2091 1348 2192 excipere

276 2209 439 2282 debuerit
461 2234 585 2282 vocem
612 2209 782 2306 inquam
808 2208 948 2308 Lipsius
976 2210 1120 2304 incidit,
1148 2209 1274 2282 rnnle?
1303 2257 1346 2268 -

274 2329 478 2428 Lipsianam
508 2328 715 2400 sententiam
755 2327 803 2400 ita
845 2355 1074 2428 expressurus
1109 2332 1229 2404 fuisset
1263 2331 1345 2408 Vel-

275 2449 384 2520 leius:
426 2447 584 2544 Septimo
620 2448 729 2520 ferme
771 2475 867 2521 anno
905 2447 1032 2522 Caesar
1070 2455 1272 2524 morabatur
1309 2449 1347 2522 in

276 2567 414 2652 Galliis,
439 2594 522 2638 cum
549 2565 708 2639 medium
737 2593 779 2639 ex
804 2567 935 2642 invidia
955 2569 1133 2667 potentiae
1158 2573 1250 2643 male
1274 2571 1347 2643 iam

275 2687 497 2761 cohaerentis
518 2688 606 2760 inter
632 2687 698 2760 Cn.
718 2689 928 2786 Pompeium
950 2689 1240 2764 ascensorem
1263 2718 1347 2765 con-

275 2806 418 2880 cordiae
444 2809 575 2906 piguns
597 2808 692 2880 Julia
717 2835 806 2881 uxor
832 2807 955 2908 Magni
983 2807 1140 2884 decessit.

373 2960 516 3036 Deinde
549 2960 637 3034 mibi
669 2961 816 3062 quidem
848 2963 947 3036 vocis
977 2953 1161 3036 Camillae
1185 2964 1222 3036 in
1246 2968 1346 3036 malo

274 3073 471 3155 decurtatio
502 3080 690 3154 violentior
712 3107 786 3153 esse
810 3079 967 3176 videtur,
1004 3109 1111 3183 quam
1141 3109 1232 3182 quae
1258 3081 1346 3156 ferri

273 3202 394 3302 possit.

373 3352 512 3440 Quibus
543 3349 588 3422 de
624 3351 750 3442 caussis
784 3350 951 3454 equidem
983 3352 1155 3429 adiectivo
1186 3356 1241 3430 illi
1270 3385 1346 3430 me·

274 3480 378 3551 dium
392 3473 512 3572 aliam
539 3492 646 3571 atque
670 3472 850 3570 vulgarem
886 3473 959 3546 vim
991 3475 1155 3548 attribuo.
1215 3475 1345 3578 Neque

273 3599 370 3672 euim
399 3615 450 3669 est
476 3592 499 3667 i.
529 3621 562 3691 q.
589 3592 836 3684 intermedius,
866 3594 902 3666 in
937 3594 1055 3668 medio
1090 3598 1246 3697 positus,
1281 3597 1345 3683 sed

270 3717 441 3818 significat
473 3742 500 3786 s.
531 3739 684 3814 anceps,
724 3740 763 3815 s.¹
780 3712 979 3787 mediocris.
1064 3715 1203 3790 Eodem
1236 3744 1345 3791 sensu

272 3838 376 3909 etiam
418 3834 535 3909 media
572 3834 786 3932 libertorum
826 3833 916 3908 fides
963 3857 1106 3910 notatur
1143 3865 1163 3908 a
1202 3839 1342 3913 Velleio

273 3983 350 4055 cap.
365 3960 422 4050 67.
475 3955 526 4029 Ita
548 3955 648 4031 vides
663 3959 769 4029 verba
787 3954 968 4056 sequentia
990 3984 1035 4028 ex
1048 3960 1197 4056 inuidia
1209 3973 1347 4056 poten-

269 4078 349 4148 tine
370 4075 426 4148 illi
451 4078 616 4148 medium
643 4075 853 4176 explicando
877 4076 1057 4152 inservire.

290 4303 293 4308 -
332 4313 335 4319 .
369 4247 469 4335 Quid
495 4269 615 4324 autem
644 4276 793 4349 agamus
814 4277 901 4326 nnn
933 4251 999 4326 illo
1022 4252 1219 4352 scriptume
1242 4278 1344 4326 mon-

268 4393 344 4446 stro
376 4368 592 4444 Camiliae?
639 4369 800 4444 Fortasse
835 4371 923 4445 nihil
952 4371 1052 4446 aliud
1078 4371 1273 4474 legendum·
1292 4393 1345 4446 est·
