3044 5150
1204 621 1250 695 ts

280 808 415 884 Tabula
444 831 559 884 autem
584 835 697 912 quum
722 835 766 882 ex
788 808 1034 884 emendatione
1060 831 1180 884 nostra
1206 811 1252 885 slt

180 931 299 1006 tabula
320 932 500 1005 coloribus
526 931 637 1031 picta,
665 929 726 1003 hie
749 931 823 1003 loci
849 955 971 1004 sensus
993 929 1126 1003 evadit:
1159 929 1252 1029 Pug-

176 1079 249 1124 uae
268 1048 476 1125 memoriam
504 1071 538 1124 et
557 1050 788 1150 inscriptione
815 1052 937 1152 templi
959 1053 1052 1150 posti
1074 1052 1253 1144 affixa,et

180 1172 336 1246 tabula
326 1199 363 1245 tn
399 1197 481 1245 area
517 1173 582 1244 sub
611 1171 804 1270 porticibus
834 1171 1013 1348 pendente
1038 1197 1253 1271 pugnaeque

180 1294 374 1392 imaginem
398 1295 570 1367 referente
596 1313 771 1367 servatam
797 1317 880 1366 esse.

279 1482 507 1556 Vocabulum
526 1485 639 1554 hodie
663 1511 778 1583 quum
805 1483 850 1556 ad
871 1483 988 1582 ipsum
1016 1485 1165 1557 verbum
1186 1485 1254 1576 of.-

168 1603 259 1693 fixa
280 1604 475 1703 pertineat,
506 1628 571 1673 suo
602 1601 684 1671 loeo
705 1622 798 1672 stare
820 1600 973 1682 videtur.

281 1789 342 1862 Ad
362 1793 475 1862 finem
503 1789 625 1889 eapitis
649 1813 872 1889 progressus,
898 1815 970 1863 non
996 1819 1143 1889 possum
1167 1791 1255 1892 quin

181 1911 318 2006 signem
349 1910 504 2001 calamo,
536 1906 721 2008 quomodo
749 1933 840 2007 quae
866 1907 967 1983 initio
994 1912 1098 2009 posui
1125 1909 1256 1985 codicis

184 2026 293 2101 verba
314 2026 525 2122 corrigenda
547 2049 690 2127 putem:

284 2206 401 2290 Adeo
432 2215 528 2288 enim
567 2216 665 2317 Sylla
703 2214 877 2289 dissimilis
922 2215 988 2287 luit
1026 2215 1175 2288 bellator
1215 2243 1257 2290 ac

185 2336 318 2429 victor,
354 2355 394 2408 ut
431 2335 519 2408 dum
559 2338 741 2430 vinceret,
781 2337 972 2411 iustissimo
1007 2337 1144 2429 leuior,
1178 2358 1259 2439 post

185 2455 369 2529 victoriam
396 2455 519 2529 audito
548 2456 657 2528 fuerit
682 2455 877 2532 crudelior.
933 2455 1027 2530 Nam
1061 2479 1094 2529 et
1119 2457 1257 2532 Consu·

185 2575 258 2648 lem
284 2575 336 2668 (ut
356 2575 608 2677 praediximus)
634 2591 871 2650 exarmatum
899 2579 1151 2674 Quintumque
1177 2578 1260 2652 Ser·

185 2696 319 2768 torium
348 2695 469 2795 (proh
499 2699 622 2798 quanti
656 2724 738 2770 mox
762 2698 850 2770 belli
873 2698 1002 2770 lacem!
1010 2700 1029 2792 )
1062 2719 1097 2770 et
1124 2700 1260 2772 multos

187 2815 291 2908 alios,
324 2817 454 2916 potitus
488 2846 615 2891 eorum
643 2819 776 2891 dimisit
804 2818 1017 2892 incolumes:
1053 2817 1183 2910 credo,
1217 2839 1260 2890 ut

188 2931 225 3007 in
245 2915 548 3010 'eodem-homine
571 2937 723 3037 duplicis
741 2966 782 3008 ac
801 2936 1024 3010 diversissimi
1045 2937 1154 3008 animi
1173 2962 1260 3009 cou-

187 3054 382 3156 spiceretur
411 3059 628 3158 exemplum.
687 3056 769 3128 Post
791 3057 994 3148 victorium,
1022 3083 1091 3156 qua
1114 3055 1260 3128 descen·

188 3175 276 3248 dens
302 3173 575 3274 (defendensb
604 3197 759 3248 montem
780 3172 897 3248 Tifata
923 3204 1006 3248 cum
1028 3175 1068 3246 C.
1083 3173 1259 3248 Norbano

188 3316 419 3387 concurrerat
434 3295 535 3370 Sulla
565 3318 681 3395 grates
703 3297 850 3392 Dianae,
877 3295 977 3369 euius
997 3295 1138 3370 numini
1163 3295 1260 3396 regio

187 3415 245 3488 illa
267 3437 398 3490 sacrata
427 3437 496 3512 est,
522 3415 634 3490 solvit

502 3756 755 3848 cnu'l'
783 3753 946 3848 '111-

623 3898 691 3953 vet.
716 3899 754 3962 11,
785 3893 829 3952 ts.

668 4030 788 4053 m

191 4119 246 4228 lis
276 4180 367 4256 quae
393 4155 502 4228 modo
523 4172 790 4254 praecesserunt
818 4177 887 4252 pro
915 4150 1048 4224 viribus
1074 4147 1262 4224 ostendere

191 4279 422 4368 conabamur,
447 4274 641 4373 legendum
663 4299 737 4348 esse
762 4276 803 4346 in
826 4297 921 4343 area
939 4274 1098 4344 interna.
1155 4266 1262 4341 Nunc

191 4398 260 4473 iatn
289 4396 335 4472 ad
355 4394 540 4496 sequeutia
566 4387 725 4468 animum
749 4381 1007 4466 convertamus.
