3048 5152
262 613 332 689 106

259 809 396 877 iectum
410 828 481 875 non
492 801 643 875 absimili
658 803 772 876 forma
782 821 884 876 notae
894 813 957 892 om,
970 826 1061 901 quae
1073 802 1165 874 valet
1179 827 1335 874 omnem.

258 924 335 998 Iam
360 924 466 1022 igitur
499 947 571 994 non
604 947 697 1022 opus
739 941 791 996 est
824 923 987 995 lacunam
1020 941 1183 1017 sumere3
1218 921 1338 994 omnia

259 1045 366 1145 plana
390 1064 473 1116 sunt
498 1063 532 1116 et
554 1063 748 1144 perspecta.
800 1041 912 1129 Quod
935 1043 1031 1116 enim
1054 1062 1089 1115 et
1113 1040 1201 1117 mihi
1222 1043 1340 1142 primo

259 1165 424 1237 relictum
448 1184 521 1235 erat
542 1162 787 1257 dubitationis,
815 1161 977 1236 discussit
1000 1183 1034 1236 et
1053 1161 1231 1263 expedivit
1251 1161 1338 1237 For·

259 1283 417 1358 celliuus.
465 1281 538 1369 Qui
562 1283 657 1358 inter
686 1283 752 1356 alia
774 1285 908 1356 multa:
922 1265 923 1268 Ἴ
939 1284 1103 1356 obiectus
1126 1303 1187 1375 est,
1209 1284 1338 1382 inquit,

258 1403 358 1500 quod
375 1403 466 1476 visui
491 1403 669 1494 obiicitur,
694 1424 846 1502 oggetto.
902 1403 993 1504 Nep.
1017 1405 1054 1475 in
1076 1405 1211 1478 Annib.
1237 1432 1267 1478 c.
1285 1409 1336 1478 5.:

258 1523 441 1596 Sarmenta
460 1565 505 1578 -
538 1523 694 1596 immisit.
755 1524 839 1609 Quo
871 1525 1059 1623 repentino
1092 1524 1337 1622 obiectuyiso

257 1663 397 1715 tantum
422 1662 592 1716 terrorem
606 1644 728 1716 iniecit
743 1644 911 1716 exercitui
930 1645 1062 1736 Βοιὼ,
1073 1663 1110 1715 ut
1127 1648 1218 1717 etc.“
1259 1641 1337 1717 Nos

258 1782 378 1834 autem
400 1762 509 1834 verba
531 1762 595 1832 illa
627 1763 715 1854 „sub
740 1788 884 1835 omnem
898 1805 950 1819 -
964 1762 1215 1856 refugientium
1239 1761 1337 1834 hunc

256 1883 295 1956 in
334 1881 493 1955 modum
515 1883 707 1956 vernacule
737 1880 937 1955 reddimus:
987 1882 1091 1956 Beim
1116 1881 1334 1956 Erscheinen

257 2002 335 2076 und
357 2002 582 2077 Fortriiolren
608 2022 736 2074 unsrer
760 1993 932 2077 Schiffe.“
1028 2023 1031 2026 “
1357 2004 1363 2009 ’

518 2369 770 2463 ΜΡΝ
808 2370 1079 2464 unz

558 2497 1047 2605 ven.n,107.t.p.1220rssorar.
1073 2609 1078 2634 Ι
1134 2517 1137 2526 “

264 2748 267 2754 ,
337 2684 446 2760 „Tana
472 2684 599 2768 appulso
622 2684 714 2746 lintre
741 2696 775 2747 et
798 2686 852 2748 dio
877 2688 992 2748 taeitos
1016 2688 1239 2772 conterminam
1260 2686 1336 2754 Cae.

255 2808 355 2853 tarem
374 2789 492 2852 Nostra
509 2789 649 2872 medem,
666 2791 866 2871 ioquin-5⁶
887 2798 967 2906 em
978 2815 1018 2868 pr.
1030 2815 1067 2866 ἴῃ,
1080 2799 1128 2856 57,

749 2935 853 2956 ΕΖΓ-Ξ

255 3035 430 3146 Fortasse
454 3072 502 3145 ita
523 3071 781 3145 constituemus
808 3091 874 3143 est:

363 3263 390 3304 ‚,
404 3213 441 3283 T
438 3237 502 3283 um
528 3213 688 3305 appulso
711 3212 824 3282 lintre
848 3213 901 3298 is,
917 3177 997 3285 'dtu
1018 3217 1156 3289 tacitae
1175 3233 1334 3316 oontem-

313 3435 315 3439 γ
355 3331 491 3424 platus
504 3330 719 3416 Gaesarem,
735 3331 880 3402 Nostra
895 3335 1060 3428 quidem,
1081 3339 1215 3434 inquit,
1223 3342 1333 3432 furit

364 3451 540 3519 inventus
567 3473 609 3518 re
637 3453 687 3520 .“1

254 3590 307 3663 Ita
334 3614 399 3661 nos
430 3585 643 3684 corrigimus
673 3585 812 3686 Copula
847 3605 885 3663 et
909 3592 1002 3666 istud
1034 3596 1078 3667 ab
1116 3596 1333 3675 Ruhnkenio

255 3709 363 3782 eiecta
388 3703 446 3782 est
496 3706 612 3779 Simili
635 3707 784 3802 ratione,
810 3709 840 3783 si
864 3710 953 3812 quid
975 3711 1093 3810 ride0,
1117 3743 1224 3820 supra
1247 3720 1332 3795 Vel·

254 3828 342 3900 leius
368 3825 583 3926 pronomine
609 3829 643 3898 is
665 3827 785 3900 utitur.
