3048 5152
208 746 351 850 pissime
380 747 425 821 sit
451 749 571 843 bium,
607 749 742 822 factum
766 767 817 821 est
840 745 1097 846 lepidissimum
1123 747 1218 824 illud
1241 753 1286 822 li·

208 871 320 942 bione.
357 868 525 941 -Literae
557 868 732 974 nimirum¹
763 872 782 940 l
806 871 881 941 eti
913 870 1105 943 sexcenties
1140 895 1286 971 permu-

207 1007 335 1063 tantur.
403 988 543 1062 Deinde
583 990 769 1062 literarum
809 986 936 1062 ductus
974 1007 1009 1062 et
1047 991 1106 1062 illa
1144 992 1284 1090 saepius

208 1115 314 1207 (puta
337 1108 470 1200 sexies)
503 1110 652 1208 repetita,
672 1111 721 1182 lit
746 1109 818 1182 iin
842 1109 957 1183 verbis
979 1113 1131 1184 Litium
1157 1115 1197 1183 in
1224 1115 1285 1184 Si·

208 1233 296 1301 cilia
318 1239 468 1327 Propter
481 1231 617 1303 formae
637 1229 903 1302 similitudinem
923 1231 1026 1303 facile
1048 1232 1165 1329 potuit
1185 1259 1285 1304 caus·

207 1376 282 1424 sam
312 1352 480 1449 praebere
515 1350 732 1423 omittendae
770 1351 887 1444 vocis,
924 1378 1033 1450 quam
1064 1350 1284 1426 intercidisse

208 1472 437 1564 coniicimus,
455 1474 616 1567 finivit,
639 1491 679 1542 ut
702 1473 877 1568 scriptum
898 1472 1020 1546 fuerit:

315 1645 342 1680 ‚‚
359 1594 445 1682 Qua
476 1607 622 1664 aestate
653 1593 798 1662 Caesar
829 1605 910 1664 tam
932 1619 1121 1688 prospere
1149 1593 1286 1666 bellum

302 1715 439 1805 finivit
464 1717 503 1785 irr
525 1715 700 1784 Sicilia.“

209 1832 310 1920 Quae
340 1835 568 1931 sequentibus
608 1831 786 1905 afferenda
827 1832 871 1904 sit
912 1831 1050 1906 medela
1096 1834 1286 1928 nescimus,

209 1953 373 2054 suspicati
402 1958 512 2050 olim,
552 1953 783 2029 inserendum
812 1979 885 2029 esse
930 1957 1050 2029 vocab.
1078 1957 1221 2047 miuus,
1245 1973 1288 2026 ut

209 2075 440 2148 scriberetur:

276 2177 278 2180 Ι
316 2200 485 2285 „Minus
526 2197 617 2268 berte
641 2200 809 2290 fortuna
847 2198 888 2267 in
935 2197 1101 2268 Caesare
1134 2209 1172 2268 et
1199 2222 1286 2290 rep.

315 2318 500 2388 militavit
524 2320 580 2387 od
610 2318 812 2388 Orientem.

207 2435 321 2511 Simili
348 2435 485 2511 ratione
510 2437 581 2509 alio
605 2461 748 2534 quoque
773 2435 855 2508 loco
872 2433 1073 2533 respublica
1098 2458 1182 2506 cum
1198 2429 1286 2507 Cae·
1318 2423 1320 2426 ⁵

207 2583 282 2628 sare
307 2557 499 2630 coniuncta
529 2575 855 2628 commemoratur„
915 2553 1068 2626 Sensum
1091 2552 1191 2626 hunc
1212 2577 1287 2626 esse

209 2679 498 2774 argumentabar:
532 2674 619 2746 dum
643 2674 770 2747 Caesar
809 2675 885 2776 ipse
909 2699 1079 2774 prospere
1108 2699 1185 2747 rem
1208 2700 1288 2772 ges·

211 2795 296 2866 serit
328 2794 375 2866 ad
410 2793 666 2888 Occidentem,
701 2795 897 2867 Fortunam
930 2793 975 2865 ad
1005 2793 1189 2868 Orientem
1220 2794 1287 2866 mi-

182 2944 184 2948 *
209 2939 277 2987 nus
301 2914 424 2987 favisse
450 2915 538 3013 reip.
607 2912 718 3010 Atqui
739 2915 811 2986 iam
835 2932 870 2985 et
891 2913 990 2985 hunc
1014 2913 1117 2985 nohis
1142 2913 1285 3008 (qualis-

141 3048 143 3052 ’
212 3061 354 3132 cunque
389 3035 479 3128 erat)
513 3052 715 3132 respectum
752 3031 886 3106 ademit
925 3030 1192 3132 propemodum
1227 3033 1287 3104 ab·

208 3156 384 3253 sciditque
404 3153 484 3227 cod.
495 3153 812 3247 Amerbachianus,
830 3154 996 3228 voculam
1011 3156 1090 3247 Bri,
1106 3179 1179 3227 non
1196 3153 1288 3225 bene
1347 3178 1349 3182 ’

207 3279 393 3377 praebens.
461 3272 580 3360 Quare
607 3273 694 3374 quid
714 3272 841 3346 faciam
867 3272 1020 3366 haereo,
1047 3274 1168 3346 nisisi
1196 3275 1287 3346 forte

206 3400 336 3495 probes
361 3395 465 3468 baec:
497 3395 624 3488 „bona
645 3389 789 3465 fortuna
814 3393 853 3489 (s.
873 3392 959 3464 belli
980 3394 1140 3488 fortuna)
1165 3411 1287 3464 contra

209 3517 394 3591 Caesarem
420 3537 455 3589 et
479 3541 593 3613 remp.
615 3514 777 3588 militavit
798 3513 843 3586 ad
860 3512 1081 3587 Orientem“
1130 3510 1217 3585 vid.
1236 3529 1287 3583 ta-

207 3637 359 3731 bellam,
388 3663 526 3735 exque
552 3636 804 3710 boestbona.
864 3633 957 3708 cis:
986 3635 1100 3703 Bona
1116 3633 1287 3724 fortuna

211 3758 332 3829 bellir‘
356 3801 408 3816 -
442 3757 584 3844 Quodsi
602 3781 730 3830 verum
748 3777 800 3828 est
824 3754 860 3826 in
881 3752 981 3853 quod
1006 3751 1209 3826 coniectura
1232 3752 1287 3824 iu·

209 3874 282 3948 cidi
308 3874 433 3952 adiect
464 3876 585 3971 bono,
609 3874 718 3949 habes
740 3873 800 3948 hic
827 3872 1011 3970 epitheton
1036 3869 1136 3967 quod
1158 3868 1288 3946 dicitur

210 4025 353 4074 ornans.
