3044 5150
275 603 322 678 ll

273 801 385 866 motas
413 817 433 864 a
460 791 650 891 parietibus
677 790 724 864 ad
745 789 989 866 circuitionem
1015 811 1055 864 ut
1076 791 1233 892 porticus
1252 791 1344 891 peri·

273 913 467 1014 styliorum.
513 914 684 986 Medium
698 923 825 984 autem
846 913 913 985 sub
941 914 1029 984 divo
1049 926 1106 984 est
1131 913 1211 984 siue
1234 923 1344 1005 tecto,

272 1030 457 1130 aditusque
491 1031 675 1104 valvarum
714 1058 755 1104 ex
779 1051 929 1130 utraque
955 1051 1053 1130 parte
1079 1031 1118 1104 in
1144 1055 1281 1130 pronao
1310 1045 1344 1102 et

272 1148 420 1248 poetice.
481 1148 596 1220 Huius
631 1169 752 1222 autem
786 1151 965 1248 exemplar
1000 1148 1139 1235 Romae
1174 1175 1245 1220 uon
1278 1168 1342 1242 est,

271 1267 334 1340 sed
361 1267 512 1339 Athenis
546 1269 755 1368 octastylos,
790 1267 887 1340 etin
921 1268 1056 1365 templo
1085 1267 1266 1370 Olympio.
1294 1311 1344 1328 -

271 1389 375 1460 Hanc
403 1407 522 1458 autem
546 1390 697 1459 sormam
723 1388 757 1460 ei
774 1412 938 1487 quoque,
967 1385 1066 1487 quod
1087 1385 1229 1460 Velleio
1257 1409 1342 1460 teste

271 1506 370 1579 Sulla
398 1495 576 1600 exstruxit,
604 1508 747 1580 Dianae
769 1510 905 1624 templo
933 1508 1037 1579 fuisse
1062 1507 1129 1579 nisi
1154 1530 1289 1582 constat
1310 1529 1344 1580 at

272 1649 366 1702 certe
393 1627 569 1702 coniicere
594 1630 676 1702 licet
703 1657 745 1701 ex
769 1629 825 1702 his
851 1630 1022 1703 Vitruvii:
1065 1629 1239 1727 „(Decor
1263 1656 1342 1729 per·

270 1748 418 1842 ficitur)
455 1749 604 1822 statione
637 1777 751 1849 quum
784 1750 866 1823 Jovi
908 1749 1060 1847 Fulguri
1092 1769 1125 1821 et
1162 1749 1274 1822 Coelo
1309 1771 1343 1823 et

271 1867 348 1940 Soli
381 1887 416 1939 et
449 1867 571 1941 Lunae
605 1873 784 1962 aedificia
816 1869 882 1942 sub
916 1871 1004 1939 divo
1032 1871 1342 1966 hypaethrusque

255 1987 545 2086 constituuntur.
570 2033 621 2046 -
662 1988 816 2080 Juooni,
844 1987 999 2078 Dianae,
1028 1986 1160 2060 Libero
1183 1991 1275 2087 patri
1292 2033 1344 2047 -·

270 2107 299 2180 si
326 2107 427 2180 aedes
448 2107 594 2184 Jonicae
620 2130 892 2200 construentur,
919 2106 1038 2180 habita
1063 2108 1128 2180 erit
1157 2111 1245 2181 ratio
1270 2137 1342 2182 me·

269 2225 505 2300 diocritatis.“
533 2234 573 2322 l)
1077 2321 1079 2327 ,

368 2347 479 2420 Vides
517 2347 650 2445 igitur,
670 2413 672 2417 .
692 2372 772 2418 mea
810 2349 978 2449 opinione
1022 2349 1138 2422 verbis
1175 2351 1215 2418 in
1248 2373 1344 2418 area

269 2471 419 2538 interna
436 2466 625 2564 significari
644 2466 865 2540 Graecorum
887 2454 1080 2570 ὕπαιθρον.
1125 2467 1238 2539 Cuius
1260 2467 1343 2539 loco

269 2583 447 2658 Romanos
475 2585 547 2659 sive
581 2586 632 2658 iu¹
654 2588 859 2660 universum
886 2616 1041 2681 aream,
1080 2589 1151 2660 sive
1176 2591 1343 2658 mediam

270 2717 427 2797 aream,
463 2705 535 2777 sive
564 2704 717 2804 denique
750 2733 884 2778 aream
908 2711 1098 2780 internam
1125 2705 1252 2778 dixisse
1283 2733 1343 2803 ap·

271 2844 386 2924 paret,
420 2826 570 2924 opinor,
604 2849 646 2895 ex
674 2826 788 2898 allatis
814 2828 983 2920 Vitruvii,
1017 2827 1113 2898 Festi
1139 2824 1341 2925 Velleiique

267 2942 393 3014 verbis.

276 3093 281 3103 ¹
373 3062 474 3148 Quae
509 3089 621 3162 quum
658 3063 729 3136 iam
769 3065 849 3136 satis
883 3084 976 3137 certa
1014 3089 1087 3136 esse
1126 3063 1342 3156 viderentur,

268 3206 343 3252 rem
381 3181 487 3280 plane
533 3181 681 3255 absolvit
727 3183 953 3284 expediitque
993 3185 1094 3257 locus
1137 3187 1179 3254 ab
1226 3185 1341 3256 amico

268 3297 472 3372 doctissimo
495 3299 747 3374 humanissime
766 3329 910 3376 mecum
934 3305 1226 3380 communicatus.
1267 3303 1343 3376 Go-

267 3417 435 3492 tlnolredo
466 3419 560 3492 euim
594 3420 639 3492 ad
668 3421 814 3494 Festum
848 3450 874 3494 s.
905 3448 936 3496 v.
968 3449 1046 3494 area
1083 3443 1226 3496 auctore
1251 3421 1340 3500 haec

267 3537 433 3634 leguntur
457 3539 494 3612 in
527 3540 651 3638 glossis
674 3542 866 3615 veteribus:
907 3547 1017 3642 area]
1043 3531 1141 3635 αὐλή
1153 3594 1162 3624 ,
1191 3525 1342 3646 apostol,

265 3645 468 3761 ὕπαιθρον,
498 3647 615 3750 ἅλως.
674 3663 795 3736 Restat
820 3683 860 3734 ut
887 3665 1205 3738 commonefaciam
1232 3667 1341 3738 lecto·

267 3805 361 3872 rem,
388 3810 407 3852 a
434 3808 492 3854 me
518 3782 683 3854 insertam
705 3807 777 3852 esse
806 3785 1009 3882 praeuio,
1035 3805 1170 3876 natam,
1197 3785 1342 3885 opinor,

266 3926 310 3972 ex
334 3901 433 3974 litera
449 3902 473 3993 i,
503 3929 609 4000 qum
632 3901 790 3974 omiserit
812 3901 984 3976 librarius.
1039 3903 1203 3978 Ceterum
1223 3907 1253 3979 si
1278 3931 1342 4004 per

267 4022 536 4117 grammaticam
569 4023 648 4094 fieri
681 4047 784 4120 posse
822 4043 943 4120 putes,
986 4021 1076 4096 nihil
1109 4051 1232 4102 moror
1265 4051 1340 4125 quo

266 4139 385 4213 minus
407 4142 556 4235 scribas,
584 4142 714 4214 tabula
743 4169 859 4214 areae
885 4147 1068 4220 internae.

284 4278 288 4283 -
308 4311 338 4387 ⁷)
364 4317 508 4387 leguntur
527 4319 599 4373 haec
616 4336 660 4388 ap.
679 4317 784 4372 vitruv.
803 4319 823 4375 1.
842 4319 863 4371 1.
888 4338 911 4372 c.
929 4325 957 4378 2.
977 4325 1042 4374 sect.
1058 4325 1101 4387 6.,
1120 4321 1169 4375 ills
1187 4323 1205 4375 1.
1213 4321 1262 4376 ΠΙ.
1279 4340 1302 4374 c.
1312 4327 1339 4379 2.

368 4413 436 4460 scot,
458 4414 525 4462 extr.
543 4426 576 4462 ex
593 4411 635 4462 etl.
655 4403 785 4464 Schneid.
831 4402 834 4408 ’
1268 4425 1270 4430 ’
