3048 5152
262 584 335 656 116

423 768 512 842 sive:
547 773 765 844 socordia
788 768 965 842 trahebat
992 771 1149 839 aestiva.

423 888 515 960 sive:
549 903 735 980 tumore
867 943 891 982 „
1060 940 1084 981 ‚‚

263 1029 429 1104 Ceterum
437 1027 633 1101 Rhenanus
649 1005 745 1101 haud
761 1029 835 1101 snio
857 1056 902 1100 an
917 1005 1006 1100 ‘non'
1026 1029 1135 1102 verba
1157 1025 1334 1126 „agendo-

265 1177 334 1252 que
366 1174 433 1248 pro
456 1149 624 1222 tribunali
641 1209 643 1212 .
661 1148 810 1222 ordine“
840 1149 960 1223 incisis
990 1147 1178 1221 includens
1208 1173 1334 1221 vocem

256 1271 447 1342 ⁴tribunali
470 1295 534 1368 per
558 1295 715 1343 errorem
746 1295 814 1367 pro
839 1294 926 1342 vero
948 1267 1121 1341 adiectivo
1149 1265 1249 1340 adv.
1277 1294 1336 1339 or·

229 1455 231 1460 .
265 1389 353 1460 dine
379 1387 529 1459 traxerit.

488 1822 1114 1914 osennnxxxvrs
1151 1869 1189 1882 --

566 2005 632 2058 Vell.
643 2005 680 2073 11,
701 2001 794 2058 11803.
821 2003 911 2076 p.135
926 2005 966 2059 ed.
975 2005 1057 2059 Orell.

343 2155 481 2229 ’'prim‘'
509 2158 604 2237 iiim
631 2177 749 2238 Pam?
772 2179 846 2219 mox
866 2157 968 2239 pluris
993 2160 1025 2218 in
1054 2159 1206 2219 societate
1231 2125 1341 2217 censiti·

260 2261 444 2340 precepitf‘
484 2266 535 2320 Ed.
557 2283 598 2335 pr.
622 2285 648 2335 p.
664 2267 712 2322 63.
770 2263 771 2268 ’

752 2409 859 2428 m

264 2525 411 2632 Parum
451 2582 613 2635 accurate
644 2563 855 2660 interpretes
884 2589 926 2635 ex
963 2590 1024 2656 ea,
1065 2589 1156 2662 qnae
1191 2564 1233 2635 ab
1268 2561 1341 2634 edi·

230 2701 232 2704 ’
261 2683 363 2754 sione
395 2682 559 2779 principe
585 2684 773 2781 praebetur
804 2681 999 2784 scriptura?
1015 2687 1146 2756 consili
1163 2685 1338 2780 precepit

265 2803 468 2877 formarunt
497 2803 627 2872 consili
650 2806 814 2898 receptis
830 2830 951 2899 quum,
977 2829 1023 2876 ne
1049 2801 1136 2901 quid
1162 2793 1338 2899 depereat,

263 2918 497 2998 ¹scribendum
519 2919 695 2993 videatur:
715 2954 716 2958 ¹
734 2925 974 2994 consiliorum
998 2927 1149 3018 recepit.
1200 2921 1340 2996 Notum

264 3061 323 3114 est
354 3040 467 3132 enim,
500 3041 671 3142 syllabam
700 3038 808 3113 tirum
839 3042 877 3112 iu
910 3045 983 3114 fine
1011 3044 1204 3116 verborum
1235 3042 1337 3140 signo

269 3187 343 3234 non
359 3160 517 3232 ,absimili
532 3163 647 3232 iorma
669 3159 790 3233 literae
801 3189 832 3257 p
856 3161 1066 3261 consignari.
1111 3162 1339 3263 Quamquam

268 3305 342 3352 non
385 3279 609 3378 negandum,
657 3280 957 3379 praepositionem
997 3309 1099 3378 prae
1144 3283 1217 3354 sere
1266 3282 1340 3356 sola

263 3400 368 3472 litera
385 3425 417 3496 p
444 3401 594 3498 exprimi
618 3403 746 3493 solere,
769 3423 808 3474 nt
825 3431 856 3499 p
885 3431 967 3475 cum
989 3404 1063 3475 sola
1086 3399 1230 3474 literar
1253 3428 1340 3474 con·

266 3521 389 3592 fusum
424 3519 539 3618 putari
568 3519 685 3616 possit„
752 3519 794 3592 In
828 3521 1053 3619 sequentibus
1080 3541 1199 3593 autem
1236 3540 1339 3619 saepe

268 3639 416 3712 obvium
445 3656 497 3712 est
530 3643 684 3711 consilia
691 3667 707 3730 ;
742 3641 840 3712 unde
879 3640 951 3714 hnc
986 3654 1129 3741 quoque
1160 3643 1243 3716 loco
1274 3669 1340 3715 nu·

264 3786 388 3834 merus
415 3760 564 3860 pluralis
590 3781 778 3859 usurpatus
799 3760 875 3836 erit.
