3044 5150
297 595 345 670 tt

394 783 493 870 Quae
529 779 639 856 modo
681 782 816 880 legisti,
859 782 971 854 lector
1008 781 1234 880 aequissime,
1273 805 1369 883 post-

298 930 404 1002 quam
426 903 654 1004 scripseram,
683 899 804 974 denuo
828 900 917 974 mihi
941 900 1150 999 scrupulum
1171 903 1371 979 iniecerunt

296 1024 362 1098 viri
378 1024 522 1120 aliquot,
540 1024 749 1124 quibuscum
773 1049 813 1096 ea
830 1023 1143 1114 communicarem,
1160 1025 1367 1122 gravissimi.

297 1144 541 1231 Quamobrem
561 1142 651 1216 illud
667 1145 771 1216 etiam
795 1171 839 1216 ex
855 1165 889 1216 te
912 1144 1110 1244 quaesitum
1123 1145 1235 1238 volo,¹
1249 1166 1370 1220 utrum

296 1264 447 1363 legenda
470 1263 555 1336 sint:
595 1292 640 1336 ex
664 1268 813 1336 inuidia
841 1269 1014 1357 Pompeii
1038 1259 1069 1355 bs
1084 1268 1289 1360 familiae,
1322 1294 1367 1338 au

297 1380 480 1455 retinenda
503 1408 592 1480 quae
615 1380 725 1456 modo
749 1383 785 1455 in
807 1383 966 1456 medium
987 1384 1220 1462 vcontulimus.
1281 1385 1309 1458 F
1311 1411 1369 1458 or·

296 1523 384 1574 tasse
428 1502 531 1572 etiam
573 1530 619 1574 ex
660 1505 809 1575 invidia
840 1507 1012 1597 Pompeii
1046 1519 1084 1574 et
1113 1508 1367 1578 aemulatione

296 1623 412 1700 minus
435 1621 648 1719 displicebit.

545 2058 793 2150 eaeor
835 2026 1149 2152 xxvut‘

618 2244 733 2309 vuit,
750 2237 794 2296 44.
812 2241 881 2314 pse
898 2243 939 2298 a.
959 2242 1041 2298 orsu.

303 2481 305 2485 .
354 2417 510 2494 „Crassus
530 2428 565 2478 ut
581 2438 669 2498 quem
683 2419 891 2498 principatum
908 2416 991 2477 solus
1009 2417 1133 2496 assequi
1149 2436 1209 2476 aaa
1224 2426 1365 2495 poterat,

290 2525 478 2584 auctoretate
495 2519 628 2600 Pompei
645 2521 707 2581 viri
721 2518 837 2581 viribus
856 2528 976 2581 teneret
1002 2513 1179 2578 Caesartbf‘

781 2661 876 2684 ΕΞ..-

291 2787 479 2928 Quamvis
514 2822 660 2894 minime
691 2821 720 2892 is
753 2821 817 2892 sim
854 2821 917 2919 qui
954 2821 1104 2892 omniuo
1139 2845 1269 2918 negem
1298 2849 1365 2892 un-

291 2970 399 3043 quam
423 2941 530 3016 verba
562 2941 750 3042 syllabasve
787 2938 939 3036 singulas
968 2937 1146 3035 duplicari
1164 2915 1195 3011 'a
1218 2941 1364 3012 librario

290 3062 527 3147 dormitante,
569 3081 687 3132 tamen
726 3061 761 3130 b.
795 3060 819 3132 l.
856 3058 1004 3129 minime
1041 3059 1220 3134 Velleiani
1253 3061 1363 3134 moris

291 3179 453 3251 duxerim
486 3176 641 3251 Caesaris
681 3179 771 3252 vires
810 3195 968 3271 tantum,
1008 3204 1082 3250 non
1122 3199 1156 3250 et
1196 3178 1364 3254 virtutem

290 3318 608 3374 commemoratam
644 3323 729 3368 esse.
802 3295 922 3381 Quare
959 3295 1153 3394 legendum
1194 3298 1364 3372 couiioi0:

289 3421 546 3516 ,mucronato
583 3419 775 3509 Pompeii,
813 3419 953 3486 virtute
984 3430 1021 3486 et
1049 3418 1192 3488 viribus
1221 3432 1365 3490 teneret

294 3543 514 3614 Caesaris.“
570 3537 671 3625 Quae
698 3536 869 3608 sententia
893 3535 923 3607 si
947 3562 1030 3609 vera
1058 3557 1127 3628 est,
1163 3537 1293 3611 iterum
1319 3537 1360 3612 C.

287 3661 387 3736 Julio
403 3655 543 3734 Caesari
564 3656 709 3730 laudem
730 3656 833 3729 uobis
858 3683 960 3728 suam
979 3657 1163 3730 restituisse
1186 3656 1362 3732 videmur.

287 3783 332 3855 Et
356 3782 479 3855 confer
508 3779 675 3852 tabellam
700 3777 737 3850 iu
764 3779 839 3850 fine
864 3775 948 3848 libri
974 3778 1194 3852 collocatam.
