3048 5152
485 937 734 1033 onor
773 936 903 1030 011

472 1103 538 1158 ven.
551 1103 589 1172 11,
603 1100 662 1155 130.
688 1099 930 1175 p.4940d.010}1.

247 1255 319 1330 „Si
345 1265 401 1318 aut
424 1267 540 1318 onnon
558 1259 698 1336 potino,
721 1265 778 1316 mu
799 1254 998 1315 mediocrum
1016 1251 1129 1328 recipit
1153 1247 1247 1317 hom&

166 1380 235 1421 num
255 1380 332 1421 am
350 1360 416 1421 deo
431 1366 532 1421 mon-‘⁶
573 1367 623 1420 Ed.
643 1383 684 1434 pr.
704 1381 732 1433 p.
746 1365 795 1422 68.

652 1501 759 1523 a

166 1604 303 1729 „Loci
339 1640 446 1713 buius
487 1637 660 1713 mendum
711 1623 769 1710 ilii
810 1636 911 1709 aliter
949 1638 1075 1708 tollere
1128 1634 1247 1708 conati

169 1780 270 1853 sunt,
302 1759 365 1832 sed
389 1763 515 1833 frustra
547 1787 682 1833 omnes.
741 1756 820 1830 Nec
856 1755 1038 1853 quomodo
1065 1753 1247 1825 emendari

170 1879 296 1953 debeat
318 1880 392 1978 ipse
418 1879 572 1953 dicam.“
624 1881 723 1952 Haec
746 1877 991 1950 Ruhnkenius.
1042 1876 1134 1948 Mihi
1157 1878 1246 1948 alius

170 1999 355 2073 cuiusdam
374 2001 647 2076 ¹emendationis
681 1999 850 2091 memori,
883 1997 955 2068 boc
984 2023 1129 2094 quoque
1163 1998 1245 2070 loco

169 2120 290 2193 fecisse
316 2119 457 2194 videtur
483 2122 649 2194 librarius
681 2121 779 2222 quod
811 2147 917 2220 supra
950 2133 1063 2220 capite
1081 2119 1130 2191 LI
1161 2121 1244 2194 libri

168 2240 278 2312 nostri
311 2239 595 2313 demonstratum
633 2263 694 2315 est.
755 2239 863 2313 Unde
900 2239 1131 2313 scribendum
1162 2241 1244 2312 erit:

171 2364 215 2432 Si
238 2375 308 2432 aut
328 2375 470 2432 natura
492 2364 641 2455 potitur
665 2359 857 2433 bominum
875 2375 944 2431 out
963 2366 1117 2432 deorum
1143 2388 1245 2448 cara,

173 2484 220 2552 de
244 2483 306 2551 bis
331 2486 448 2577 queri.
505 2479 640 2553 Notum
663 2502 734 2574 est,
759 2481 967 2578 particulam
991 2494 1059 2551 aut
1078 2481 1129 2553 sio
1146 2481 1252 2553 scribi

167 2598 208 2672 in
234 2599 356 2672 codd:
385 2607 458 2675 au'.
507 2599 597 2698 Voc.
627 2627 718 2671 cura
742 2602 859 2673 minus
885 2622 1048 2673 accurate
1076 2601 1248 2698 scriptum

170 2718 274 2791 fuisse
305 2741 473 2818 putamus
515 2717 667 2814 ideoque
702 2721 894 2792 confusum
932 2745 1014 2792 cum
1051 2745 1112 2812 eo,
1148 2718 1249 2818 quod

170 2836 337 2934 legimus,
364 2866 456 2911 cum.
510 2837 629 2909 Verba
654 2838 713 2908 illa
745 2839 808 2930 „Si
831 2861 892 2910 ant
908 2883 959 2895 —-
976 2839 1078 2936 queri
1087 2843 1110 2881 “
1138 2841 1250 2912 intro·

173 2951 334 3027 ductioui
361 2978 445 3029 sunt
473 2956 774 3056 consequentibus
796 2977 831 3026 et
856 2955 1192 3056 reprehensionibus
1215 2979 1249 3030 et

170 3073 524 3174 interrogationibus3
549 3074 749 3174 diriguntur
778 3097 898 3147 nutem
926 3075 1088 3146 Deorum
1114 3074 1160 3148 ad
1180 3106 1249 3150 nu·

171 3193 278 3267 mina.

268 3315 310 3386 In
354 3315 583 3414 sequentibus
629 3317 845 3388 vocabulum
895 3328 976 3386 tom
1019 3316 1057 3386 in
1101 3329 1249 3386 tantam

171 3435 468 3508 commutandum
490 3461 562 3508 esse
582 3460 786 3528 censemus,
809 3457 851 3508 ut
872 3436 1063 3509 scribatur:
1097 3436 1249 3505 Deinde

171 3565 212 3622 ut
226 3557 361 3626 Silium
391 3560 638 3651 Pisonemque
661 3570 809 3628 tantam
831 3558 989 3627 alterius
1022 3558 1247 3648 dignitatem

171 3678 383 3768 constituit,
421 3680 529 3748 auxit
553 3676 745 3748 alterius?
817 3677 879 3749 Est
902 3662 1155 3750 (ἱνακολουθῖα
1190 3683 1248 3754 vel

168 3792 288 3888 potins
312 3795 466 3868 inversio
491 3797 731 3870 subiectorum
762 3805 779 3887 (
787 3815 826 3866 ut
842 3796 911 3868 iam
937 3801 966 3869 A
973 3797 1083 3896 puleii
1109 3801 1245 3873 Latini·

169 3931 238 3983 tate
284 3915 456 4012 utamur)
506 3916 837 4014 grammaticalium.
917 3915 1096 3989 Librarius
1150 3922 1247 3994 enim

168 4033 287 4130 primo
322 4056 357 4106 et
387 4037 537 4108 verbum
574 4038 767 4108 constituit
801 4056 837 4106 et
865 4037 1016 4107 verbum
1055 4042 1163 4109 auxit
1200 4041 1246 4114 ad

166 4151 242 4250 ipsa
266 4154 411 4227 nornine
440 4155 634 4251 relaturus,
666 4156 703 4228 in
731 4153 887 4228 mediam
919 4153 1109 4256 periodum
1141 4185 1245 4233 voca·

166 4273 256 4345 bulo
291 4278 479 4372 dignitate
514 4277 647 4349 inserto
673 4276 838 4350 aliorsum
868 4294 907 4347 ut
931 4276 1106 4350 trahenda
1134 4300 1247 4352 essent

168 4392 292 4465 effecit.

958 4504 978 4565 9
