3044 5150
1220 597 1268 668 35

196 779 349 882 Nepoti,
381 782 530 856 verbum
553 785 735 878 ignavum
766 783 811 856 el)
843 783 879 860 h.
911 785 936 858 l.
966 785 1071 885 plane
1107 781 1265 872 alienum

197 901 352 976 ducenti,
409 899 537 1002 Neque
572 924 691 976 tamen
718 903 850 978 Velleii
881 933 1028 978 manum
1058 925 1265 1004 assequutus

196 1043 247 1096 est
282 1020 535 1116 Ruhnkenius‚
573 1025 632 1096 eui
663 1023 752 1097 haec
785 1025 942 1122 placent:
979 1052 1013 1120 q.
1048 1053 1077 1095 e.
1113 1029 1148 1097 d.
1179 1051 1215 1100 a.
1250 1027 1266 1098 ἰ

196 1143 292 1214 bona
306 1145 392 1235 fide
413 1148 516 1238 quod
536 1159 637 1216 totus
659 1159 848 1218 terrarum
871 1146 989 1230 orbis,
1015 1149 1055 1216 in
1072 1149 1291 1224 aerarium*

196 1267 392 1354 conserunt
414 1267 652 1365 stipendium.
702 1267 884 1362 Augustus
910 1263 1056 1364 quidem
1080 1287 1121 1338 ut
1146 1266 1264 1340 statim

192 1403 273 1482 post
297 1381 367 1454 dici
395 1385 509 1482 potuit
535 1383 710 1484 stipendia
736 1387 896 1460 conferre
922 1385 959 1458 in
984 1387 1170 1479 aerarium,
1198 1412 1261 1460 ne·

194 1529 265 1602 que
291 1523 409 1575 tamen
432 1503 555 1575 eadem
577 1504 713 1576 locutio
739 1505 882 1602 populis
907 1504 1098 1578 tributariis
1124 1531 1262 1578 accom-

193 1621 332 1694 modata
360 1643 420 1696 est.
474 1621 597 1708 Quare
620 1621 718 1694 *hanc
742 1622 909 1697 venundo
933 1623 1123 1696 medelam:
1222 1713 1224 1718 Ι

266 1817 269 1827 .
298 1774 445 1852 plane
482 1765 601 1854 idem,
644 1765 748 1856 quod
785 1774 885 1832 totus
925 1775 1114 1834 terrarum
1151 1763 1263 1858 orbis,

302 1894 543 1974 ingratum
563 1885 758 1974 conferunt
779 1884 1017 1975 stipendium.
1045 1883 1049 1890 ’

194 1999 333 2074 Notum
361 2025 430 2089 est,
466 1999 765 2104 praepositionem
785 1999 823 2072 in
852 2002 924 2073 fere
952 2002 1024 2073 sola
1051 2001 1100 2075 lit.
1122 2006 1138 2072 i
1157 2004 1264 2082 scribi

194 2122 348 2215 solitnm3
376 2149 490 2222 neque
517 2118 741 2193 haerendum
760 2120 797 2190 in
826 2118 967 2220 syllabis
989 2146 1066 2215 gra
1093 2149 1161 2220 pro
1181 2149 1264 2230 gna

193 2263 229 2313 et
261 2269 349 2314 vum
377 2268 445 2340 pro
480 2247 567 2312 tum
592 2240 723 2340 positis.
794 2239 917 2340 Itaque
950 2265 993 2311 ex
1026 2266 1103 2315 voc.
1133 2245 1265 2352 igratii

191 2361 323 2433 factum
351 2381 402 2432 est
426 2357 579 2455 ignavi.
633 2357 772 2445 Quodsi
795 2358 863 2430 hac
888 2361 925 2432 in
957 2386 994 2432 re
1019 2387 1147 2433 verum
1174 2361 1264 2436 vidi-

191 2509 289 2574 mus,
322 2480 408 2553 dicit
434 2479 613 2571 Velleius,
641 2479 835 2552 Germanos
864 2479 1025 2578 quamvis
1055 2481 1263 2556 reluctantes

190 2589 287 2673 illem
314 2621 435 2672 tamen
464 2627 548 2703 cum
569 2619 646 2671 toto
673 2620 843 2671 terrarum
866 2602 954 2673 orbe
980 2601 1106 2699 iugum
1132 2603 1261 2678 tulisse.

485 3035 739 3127 estun
771 3037 960 3134 xxtt

542 3205 609 3259 Vell.
617 3205 657 3257 11.
667 3198 712 3264 46.
727 3223 754 3277 p.
761 3201 822 3260 231.
832 3206 872 3261 ed.
877 3206 911 3262 R.

271 3354 442 3431 „Altam
460 3377 542 3437 pene
562 3360 689 3439 imperto
709 3369 813 3420 nostru
838 3379 876 3419 ac
900 3379 954 3420 suo
974 3379 1123 3440 quaerens
1143 3351 1264 3424 orbem

188 3464 288 3523 vicem
308 3479 386 3540 pars
411 3461 564 3522 euers-ulum
593 3458 645 3522 Cn
666 3459 833 3543 Pompeius
857 3463 890 3540 ᾇ·
909 3459 955 3522 Μ.
980 3460 1107 3526 Crassru
1130 3465 1261 3528 altman

189 3565 287 3624 iniere
311 3563 499 3625 emutilatum
505 3586 520 3639 ,·
547 3567 601 3645 qui
619 3583 717 3645 neque
737 3566 857 3644 petitus
880 3564 1007 3628 horeste
1033 3565 1073 3627 ab
1097 3566 1146 3628 Itis
1162 3587 1262 3650 neqtoe

188 3663 392 3742 probabiliter
407 3679 514 3748 qartus
531 3675 614 3730 eet.“
653 3675 704 3728 nd.
719 3693 758 3743 pr.
778 3693 803 3744 p.
813 3679 860 3734 32.
1013 3661 1018 3672 ‘

190 3938 437 4082 Languidum
458 3989 541 4062 satis
564 3989 797 4088 ineptumque
818 3989 932 4080 foret,
955 3993 1166 4076 „invictum
1178 3994 1261 4090 par'

192 4107 428 4192 consulum“,
473 4111 683 4200 „inclutum
714 4133 796 4204 par
836 4111 1063 4180 consulum«
1101 4113 1157 4184 vel
1191 4114 1260 4188 tale

191 4223 279 4326 quid
296 4224 335 4296 in
349 4244 485 4298 textum
506 4227 673 4326 recipere.
721 4227 914 4302 Enimvero
937 4228 1091 4302 attendas
1113 4228 1158 4303 ad
1174 4257 1259 4306 con·

189 4343 372 4446 sequeutia
404 4347 507 4442 „qui
530 4370 650 4442 neque
678 4368 759 4424 cett.
826 4345 1169 4518 eressmaguifica
1196 4349 1259 4438 illu
