3044 5150
227 800 404 894 Cononis,
434 797 645 876 insedibus
678 799 821 872 loannis
848 793 1077 872 Amerbnclrii
1109 797 1295 873 correctio·
1404 826 1408 834 ·

224 942 305 989 nem
339 913 510 987 librorum
555 917 728 1015 gerentis,
770 913 849 988 Viri
892 915 929 984 in
970 911 1117 986 Graecis
1164 913 1296 984 Litoris

226 1028 525 1120 exercitatissimi,
566 1027 648 1100 fidei
680 1053 719 1100 se
754 1025 961 1119 tradidisse,
999 1038 1105 1126 atque
1141 1025 1297 1098 aemulos

224 1141 330 1218 simul
364 1143 535 1215 bonorum
572 1143 699 1214 ortium
735 1140 900 1213 habuisse
938 1140 1162 1232 Brunonem,
1196 1139 1297 1212 Besi-

224 1257 312 1330 lium
341 1268 376 1329 et
403 1253 634 1352 Bonifatium
661 1254 754 1327 lilios
781 1257 833 1330 Io.
859 1249 1125 1330 Amerbuclrii.“
1171 1253 1297 1347 vides,

224 1371 383 1444 Zeltncri
415 1370 543 1462 verbu,
573 1380 695 1467 utpote
738 1372 776 1441 in
818 1371 1020 1441 universum
1054 1369 1190 1467 posite,
1226 1393 1299 1440 non

225 1481 466 1559 contradicere
504 1482 707 1558 Orellianis.
773 1481 869 1554 Illud
906 1495 1023 1556 nutem
1064 1493 1198 1554 certum
1233 1492 1298 1573 est,

223 1598 375 1670 Beatum
404 1597 566 1670 Basileoe
592 1596 827 1690 habitantem,
855 1596 1040 1674 Boniiacio
1058 1592 1298 1669 Amerbachio

225 1713 370 1784 loannis
405 1711 498 1805 filio,
530 1710 686 1785 codicem
722 1709 997 1786 Murbacensem
1031 1709 1299 1784 describendum

225 1826 453 1900 concessisse.
518 1823 668 1901 Veniam
699 1827 809 1924 igitur
841 1827 1046 1924 impetrarat
1073 1851 1094 1898 a
1122 1823 1299 1900 monachis

226 1933 524 2014 Murbacensibus
553 1938 680 2044 utillo
709 1937 803 2010 domi
832 1964 916 2012 suue
943 1951 1111 2014 uteretur.

288 2094 433 2188 “Quum
466 2107 610 2194 peracte
644 2095 713 2165 iarn
749 2090 832 2162 libri
867 2093 1096 2189 impressione
1129 2093 1301 2167 Burerius

226 2208 382 2282 codicem
403 2210 677 2283 Murbocensem
708 2202 931 2277 aFrobenio
962 2209 1153 2305 occeperitt
1184 2210 1300 2306 seqni-

227 2335 307 2415 tur,
337 2337 372 2396 et
396 2349 487 2394 anno
515 2317 644 2412 1516,
673 2343 744 2416 quo
776 2342 869 2390 anno
897 2315 1156 2393 Morbuchius
1186 2347 1300 2394 exem·

226 2437 326 2536 plum
354 2462 456 2506 snum
478 2433 647 2524 coniecit,
678 2443 713 2504 et
740 2457 832 2504 anno
860 2431 970 2508 1520
996 2434 1158 2508 Basileue
1191 2436 1300 2507 inisse

226 2547 357 2620 librum
392 2574 455 2620 ms.
497 2547 785 2621 Mnrbncensem.
871 2549 947 2620 lom
990 2574 1073 2622 vero
1111 2553 1301 2648 quaeritur,

226 2673 345 2735 utrum
408 2660 602 2734 lllrenunus
661 2655 892 2735 Amerbeclrii
948 2664 1108 2762 exemplo
1164 2673 1301 2736 retento

109 2847 123 2867 ι
227 2779 344 2872 ipsum
369 2775 524 2848 codicem
548 2773 762 2851 Murhacum
791 2777 982 2871 remiserit3
1010 2803 1055 2850 un
1083 2789 1117 2849 et
1145 2779 1302 2851 codicem
1370 2781 1379 2818 ·'

111 2943 115 2954 .
229 2900 264 2963 ct
279 2889 477 2987 exemplum
491 2889 580 2962 illud
604 2889 834 2987 „presserit.“
890 2890 1054 2964 Rhenoni
1083 2893 1190 2966 verbo
1215 2917 1301 2992 quo·

228 3029 308 3078 rum
330 3007 543 3078 mentionem
570 3005 717 3082 fecimus
744 3003 900 3077 codicem
929 3008 1112 3080 remissum
1142 3033 1220 3081 esse
1248 3031 1302 3077 ar·

229 3128 343 3217 guunt
358 3116 409 3216 *).
454 3119 583 3217 Neque
598 3128 716 3190 tomen
738 3117 821 3191 inde
845 3118 966 3219 colligi
988 3133 1123 3219 potest,
1154 3120 1303 3195 eundem

288 3341 316 3422 ⁸)
355 3348 386 3404 si
403 3351 528 3404 coniecto
552 3350 729 3404 Amerbnchii
754 3355 916 3422 apographo
940 3356 1061 3410 codicem
1082 3357 1172 3426 ipsum
1191 3361 1305 3416 Muto-

352 3450 415 3486 oum
449 3433 595 3486 remissum
627 3450 686 3486 esse
717 3436 879 3503 statuimus,
912 3439 1032 3493 fortusse
1069 3442 1225 3497 coniectura
1261 3463 1305 3500 es-

267 3547 270 3557 ·
353 3533 500 3587 sequemur
525 3515 591 3569 licet
617 3534 666 3569 our
686 3517 765 3570 Libri
784 3519 866 3588 primi
893 3522 985 3590 capito
1012 3528 1073 3576 octo
1099 3527 1190 3594 priore
1214 3528 1306 3582 obsint

352 3600 381 3654 in
404 3598 495 3652 codice
515 3599 745 3653 Amorbschieno.
787 3602 847 3655 Vid.
867 3604 954 3662 Orell.
975 3607 1017 3659 e‘d.
1043 3610 1130 3675 preci.
1150 3611 1221 3664 vlu.
1256 3611 1306 3664 At-

355 3685 452 3736 tendes
475 3698 578 3752 quaeso
599 3683 635 3736 od
657 3683 686 3736 id
704 3686 775 3754 quod
794 3701 812 3739 o
830 3688 930 3741 mutilo
948 3689 1059 3758 periodo
1079 3692 1192 3761 incipiet
1209 3694 1306 3747 Amer-

353 3765 448 3820 bsclrii
470 3765 559 3818 liber:
590 3781 655 3818 nnnr
686 3771 749 3820 unte
778 3785 880 3821 nonum
901 3778 983 3841 ceput
1007 3773 1105 3827 loonuo
1136 3780 1186 3829 est.
1227 3778 1305 3830 Unde

355 3849 531 3916 oouiicimus,
561 3865 595 3902 en
614 3865 684 3918 quse
705 3849 770 3902 huic
789 3869 860 3904 nouo
884 3854 968 3923 cupiti
986 3858 1152 3924 praecedunt
1173 3860 1306 3927 peculiari

354 3931 383 3985 in
409 3931 478 3984 lolio
517 3932 672 4002 conscripto
702 3932 822 4001 primunr
852 3952 904 3988 nou
934 3939 1037 3991 trudito
1071 3957 1130 3993 esse
1161 3942 1305 4010 Rhenum,

354 4019 450 4083 utpote
472 4015 591 4068 nondum
612 4016 730 4068 invente.
773 4017 902 4070 Fortasse
920 4021 1040 4088 primum
1061 4023 1116 4075 olio
1138 4041 1200 4077 cum
1221 4026 1306 4095 scrip-

354 4101 415 4150 tore
441 4098 537 4150 eodem
557 4099 696 4151 volumine
722 4102 950 4168 comprehensum
977 4105 1070 4157 lucret
1091 4108 1225 4176 Velleius,
1253 4126 1306 4178 quo

354 4178 494 4233 volumine
526 4181 613 4234 denno
639 4182 813 4250 pervoluteto
843 4192 1029 4254 cognoverunt
1061 4191 1204 4256 monachi,
1237 4190 1307 4243 illud

355 4279 462 4332 qnoque
489 4262 588 4315 lolium
614 4265 650 4317 nd
674 4264 810 4317 Volteium
830 4267 980 4336 pertinere,
1006 4273 1076 4324 unde
1103 4279 1199 4341 postes
1224 4289 1308 4342 quum

356 4345 456 4399 iterum
481 4345 616 4400 Rhenum
639 4345 757 4400 traditus
786 4354 829 4401 est
860 4350 959 4405 Velleii
986 4355 1083 4420 codex,
1116 4355 1215 4407 lolium
1237 4354 1308 4407 illud

357 4428 481 4484 additum
506 4445 566 4482 esse
591 4428 707 4484 ridetur.
730 4459 768 4472 -
811 4433 933 4489 Orellius
951 4437 1023 4505 quod
1046 4437 1121 4491 vults
1147 4436 1239 4507 capitu
1256 4431 1308 4492 ille
