3044 5150
144 669 154 712 t
268 649 294 724 4

272 835 453 944 Euripidis
474 885 524 901 -
552 869 738 943 nunquam
764 843 926 914 seculum
949 835 1150 942 superasse,
1182 847 1246 920 sed
1278 853 1339 945 (ut

270 963 381 1064 ipsius
418 961 549 1037 Velleii
582 963 697 1035 verbis
741 963 839 1060 utar)
889 962 1010 1056 „adeo
1049 964 1197 1066 quidem
1238 969 1338 1042 artati

268 1105 350 1160 tunt
367 1084 405 1179 ²)
431 1083 598 1181 angustiis
626 1077 848 1182 temporum,
887 1104 926 1157 ut
959 1111 1065 1158 nemo
1088 1087 1257 1161 memoria
1285 1087 1337 1160 di·

268 1231 359 1306 gnus
383 1195 535 1276 alter'ab
561 1205 672 1276 altero
700 1203 810 1278 videri
834 1206 1087 1304 nequiverint.“

365 1326 422 1398 De
447 1315 698 1422 significatione
725 1324 888 1397 vocabuli
913 1331 1199 1398 emolumentum
1219 1325 1335 1400 Krau-

266 1446 337 1520 sius
364 1465 459 1518 recte
483 1443 640 1517 conferri
664 1443 762 1516 iubet
784 1443 930 1516 alteram
957 1445 1077 1544 capitis
1102 1449 1144 1518 16
1171 1474 1334 1546 paragra·

265 1565 389 1668 phum.
443 1564 582 1637 Dicitur
602 1563 695 1635 enim
713 1562 749 1634 h.
769 1564 791 1635 l.
812 1564 957 1635 lucrum
976 1563 1075 1663 quod
1094 1567 1334 1664 progressibus

263 1687 365 1760 factis
392 1684 590 1786 percipiant
615 1682 889 1755 eminentissima
914 1683 1084 1784 cuiusque
1109 1685 1336 1785 professionis

263 1805 414 1905 ingenia.
482 1803 626 1904 Quippe
654 1803 846 1875 imitatione
875 1795 1041 1897 accensa,
1078 1805 1240 1878 stimulos
1268 1807 1334 1879 sibi

261 1925 416 2000 invicem
442 1922 631 1996 admovere
654 1943 824 2023 putantur
844 1927 892 2016 ³).
1289 2003 1293 2010 Ι

335 2123 340 2130 ,
359 2048 415 2119 De
430 2043 664 2144 diplomaticis
684 2040 898 2140 argumentis
917 2061 1122 2141 quaerentes
1136 2043 1328 2141 attendant,

260 2168 376 2258 velim,
398 2155 538 2239 facilem
564 2162 719 2262 syllabae
742 2187 787 2232 ex
814 2159 852 2231 in
871 2187 913 2230 re
938 2155 1196 2235 convertendae
1217 2157 1330 2236 inuta-

257 2291 398 2363 tionem.
460 2283 588 2381 Neque
619 2280 725 2351 etiam
760 2277 918 2377 negabit,
944 2279 1093 2378 opinor,
1131 2277 1329 2384 quisquam,

258 2408 359 2485 verbi
382 2430 574 2501 nunquam
606 2398 860 2499 compendium
874 2405 911 2497 4)
935 2426 1122 2500 perperam
1146 2403 1217 2477 sive
1245 2407 1328 2479 scri·

256 2549 361 2629 ptum
385 2525 457 2599 sive
478 2525 612 2596 lectum
629 2521 665 2595 in
691 2519 741 2610 id,
771 2519 870 2620 quod
897 2541 1022 2614 exstat,
1048 2549 1121 2619 mq.
1142 2523 1265 2597 abiisse
1282 2525 1324 2622 ⁶).

296 2742 331 2819 ἱ)
354 2747 415 2807 lte,
439 2740 638 2807 nimandin,
660 2737 781 2810 corriges
805 2739 875 2792 lteee
895 2738 1029 2792 Editionie
1050 2740 1195 2810 principiae
1227 2741 1339 2808 „Adeo-

358 2848 468 2920 quitlem
500 2850 622 2900 enatum
653 2842 792 2913 angustiis.
822 2848 990 2911 temporum,
1028 2849 1059 2896 ut
1085 2861 1165 2898 nemo
1192 2846 1326 2902 memorie
1406 2925 1409 2932 .

357 2953 456 3024 dignus
488 2950 622 3005 alteram
655 2949 743 3002 altero
770 2946 856 3002 videri
884 2945 1063 3015 nequiverint.
1071 2949 1088 2978 “
1130 2949 1189 3002 Vid.
1208 2952 1258 3004 Ed.
1285 2969 1325 3021 pr.

355 3075 381 3126 ιι.
404 3057 450 3114 10.

298 3176 326 3252 ³)
355 3181 400 3231 lta
424 3206 465 3217 —
489 3182 519 3228 ut
538 3175 662 3242 exemplo
681 3179 744 3226 nter
766 3201 808 3211 —
835 3173 929 3226 Cicero
954 3173 1193 3242 pertincte:
1217 3176 1323 3245 „Boni

356 3280 460 3350 inquit,
486 3277 562 3330 nullo
583 3277 768 3328 emolumento
786 3275 966 3344 impelluntur
984 3279 1019 3329 ad
1037 3279 1179 3342 fraudent,
1205 3278 1323 3349 improbi

356 3401 438 3452 saepe
456 3382 576 3452 parvo.“
624 3378 752 3432 Elidem
773 3355 852 3431 Fam.
873 3379 899 3434 7.
919 3361 1150 3448 splenditum
1186 3384 1242 3450 „Si
1272 3386 1322 3439 tibi

353 3503 412 3542 esse
429 3486 457 3538 id
475 3485 658 3537 emolumento
676 3480 791 3534 eciem.“
822 3463 825 3472 Ι
1017 3483 1019 3486 ’

292 3612 328 3690 ⁴)
348 3613 408 3666 Vid.
439 3603 584 3666 Lexianae
613 3597 870 3680 Diplomelt'eum,
901 3597 1004 3664 studio
1039 3602 1170 3667 leaenae
1197 3605 1323 3687 landolfi

360 3707 521 3770 Waltltm'.
548 3702 718 3785 Gottinqae
733 3701 826 3764 1747.
846 3711 973 3765 columne
989 3713 1057 3768 233.
1097 3713 1135 3765 lis
1155 3721 1248 3770 entem
1262 3717 1321 3786 qui-

353 3822 405 3874 bus
422 3836 475 3872 non
489 3822 598 3887 praesto
617 3820 659 3868 eet
672 3831 770 3868 eamus
787 3814 836 3867 ille
843 3814 982 3868 waltheri
995 3814 1077 3876 liber,
1090 3821 1321 3883 commendemus,

353 3939 436 3992 quem
455 3923 491 3974 etl
509 3921 612 3974 calcem
632 3917 698 3972 libri
716 3916 900 3983 adiunximus,
920 3918 1069 3978 tabellam,
1093 3919 1185 3974 omnia
1204 3940 1320 3992 qnorum

352 4024 518 4078 mentionem
531 4021 675 4076 fecerimus
695 4019 775 4090 signu
788 4019 966 4086 diplomatica
984 4019 1178 4088 lithogrepbie
1191 4042 1319 4094 expresse

350 4128 532 4182 exhibentem.

290 4249 323 4333 ⁸)
346 4253 407 4312 nisi
427 4269 534 4307 rerem
558 4268 592 4304 ne
613 4251 640 4304 in
663 4265 708 4301 me
728 4248 834 4301 dicatur
852 4248 1035 4338 quodFallrio
1054 4257 1165 4304 anctore
1183 4252 1210 4306 in
1228 4253 1318 4322 philo-

350 4361 432 4432 logos
449 4361 590 4430 plerosque
614 4371 708 4408 omnes
724 4353 864 4422 inerepare
888 4355 995 4408 solebat
1013 4353 1167 4423 (boethius,
1195 4359 1318 4426 pluribus

350 4480 528 4534 exponerem,
559 4477 608 4514 eur
630 4475 717 4529 nequ
742 4457 907 4514 Ruhnkenio
933 4473 1019 4527 neque
1041 4457 1199 4513 Hermanno
1226 4463 1317 4517 cleiis
