3048 5152
1215 587 1264 661 70

182 780 318 872 literas,
346 775 531 852 vocabulis
557 774 603 848 ed
630 801 721 873 quae
752 776 976 874 pertinebant
1008 775 1264 876 mperaeriptas

88 883 93 886 ’
183 901 308 975 alianis
361 899 436 970 fere
493 897 580 969 loeis
632 897 841 988 inseruisse,
901 898 1017 994 itaque
1074 921 1162 993 quae
1216 895 1265 972 ad

183 1023 298 1094 finem
336 1020 532 1092 verborum
570 1042 643 1089 esse
691 1015 863 1089 deberent
897 1015 1093 1090 eorundem
1122 1015 1169 1090 ad
1200 1017 1265 1089 ini-

184 1142 274 1212 tium
322 1139 526 1212 collocasse.
601 1136 783 1235 Exemplis
828 1163 905 1209 rem
954 1158 988 1209 et
1033 1139 1265 1236 explicemus,

185 1281 220 1332 et
259 1262 524 1332 confirmemus.
591 1254 666 1328 Sed
701 1256 789 1330 haec
827 1277 866 1328 ut
897 1283 973 1330 uno
1012 1259 1079 1329 sub
1119 1279 1265 1356 aspectu

183 1385 298 1456 oeulis
327 1380 472 1455 lectoris
497 1377 704 1469 subiiciunt,
740 1378 905 1450 tabellam
940 1380 1117 1451 conficere
1153 1378 1263 1472 iuvat,

183 1505 284 1576 euius
320 1502 358 1574 in
397 1501 513 1598 prime
549 1497 716 1570 columna
747 1498 820 1570 loci
847 1499 1047 1590 Velleiani‚
1093 1499 1131 1570 in
1158 1500 1265 1572 altera

182 1622 355 1696 lectiones
392 1617 525 1692 codicis
563 1615 704 1708 Maro,
746 1616 783 1687 in
816 1617 917 1688 tertia
955 1617 1128 1691 lectiones
1150 1643 1264 1712 verae,

185 1768 270 1839 quas
297 1739 461 1812 librarius
498 1736 620 1808 Murb.
663 1732 817 1832 prodere
857 1733 1028 1827 debebat,
1069 1736 1106 1808 in
1141 1755 1265 1836 quarta

187 1861 343 1960 denique
374 1885 413 1930 ea
438 1858 567 1950 verba,
602 1881 690 1951 quae
717 1855 877 1928 nuncin
906 1875 1040 1928 textum
1062 1856 1265 1954 recipienda

185 1982 274 2070 sint,
298 1998 555 2078 proponantur.

219 2140 426 2198 LociVeileiani.
483 2136 645 2191 CodMurb.
722 2135 951 2192 Lectionesrerae.
985 2136 1196 2193 Emendationee.

203 2335 231 2382 1.
244 2306 271 2398 I,
289 2331 321 2378 2.
336 2330 367 2378 2.
429 2303 538 2375 rixam
546 2301 640 2372 ncies
708 2301 821 2372 rixam
844 2303 912 2375 cies
948 2304 1059 2374 rixam
1080 2302 1186 2375 aiens.

201 2447 231 2494 2·
244 2406 415 2519 W
429 2403 697 2517 s'eilffiu‘sff.
1103 2422 1109 2434 '

430 2519 594 2616 uisquisq.

246 2622 411 2635 ...—

200 2695 232 2764 5.
245 2691 377 2786 II‚27,5
388 2691 585 2790 etimagine

284 2845 363 2933 116,
380 2848 412 2913 4.
432 2844 594 2938 imaginis

227 3507 261 3580 1)
285 3508 412 3575 Krenai,
437 3510 482 3562 vel
507 3515 580 3562 certe
607 3525 625 3562 a
650 3507 771 3562 Kraneia
798 3511 910 3562 detensa
938 3511 1127 3564 coniecturam
1158 3505 1265 3563 raxam

288 3587 441 3659 iniiam,
468 3593 630 3646 adversatur
659 3592 744 3660 ipsius
768 3592 881 3662 liuguae
906 3593 1023 3646 Latinae
1050 3591 1144 3644 indoli.
1192 3589 1265 3644 Rixa

289 3675 362 3727 enim
389 3675 496 3727 nonnisi
522 3676 585 3729 aliia
612 3675 732 3727 iuiieitur
761 3671 911 3744 iaciturque
939 3681 971 3727 ut
1003 3675 1043 3727 ita
1072 3675 1163 3726 dicam
1193 3673 1266 3726 inter

288 3758 393 3810 medios
413 3758 484 3812 alios
502 3760 538 3812 ab
552 3777 584 3811 eo
604 3759 650 3827 qni
668 3758 726 3827 ipse
747 3775 856 3827 pugnae
877 3775 971 3826 erpere
990 3763 1142 3810 remaneat.
1184 3758 1266 3825 Quod

289 3839 318 3892 in
338 3843 457 3894 Codrum
485 3859 540 3893 non
566 3843 691 3910 quadrat,
735 3842 863 3894 Ceterum
885 3859 917 3892 ex
935 3841 1040 3892 Orellio
1059 3842 1100 3893 cl.
1120 3841 1176 3893 levi
1196 3857 1264 3893 eane

288 3924 322 3975 de
347 3924 560 3992 transpositione
590 3924 731 3993 cogitante
756 3940 887 3992 quaerere
913 3923 1019 3985 ausim,
1052 3923 1167 3976 malitae
1191 3915 1264 3975 ¹hoc:

287 4001 533 4081 „immtuaoeqaw
573 4003 701 4072 mois,
750 4000 791 4059 de
831 4000 983 4061 industria
1020 3999 1263 4081 irnpruderrtibaoe

287 4085 393 4142 meeum
412 4084 496 4143 cieras
512 4084 712 4166 interemptam
731 4089 815 4143 θεῶ(

224 4189 256 4262 2)
286 4191 401 4256 veram,
428 4208 498 4260 quae
518 4193 597 4246 nobie
619 4195 730 4263 'qnidam
750 4194 873 4259 videtur,
901 4192 1048 4245 lectionem
1067 4211 1164 4258 nemo,
1192 4194 1263 4260 quod

286 4271 390 4333 seiam,
411 4272 539 4341 prodidit.
750 4279 752 4284 '

225 4367 258 4449 3)
286 4377 347 4428 Hae
367 4376 435 4430 duae
456 4376 637 4431 correctione·
656 4378 858 4433 Ruhnkeniano
878 4379 1009 4432 debemur
1027 4377 1146 4450 ingenio.
