3044 5150
261 573 308 659 10

259 756 479 852 emendatio,
513 755 603 830 nihil
633 776 726 856 opus
757 767 975 826 stimulare
1001 748 1153 822 verbum
1173 769 1329 818 revoca·

260 883 394 952 verint.
441 875 604 952 Rhenani
630 873 668 946 ni
690 872 798 948 fallor
822 894 922 944 error
946 887 1134 968 sequentes
1148 866 1327 960 Interpre-
1401 863 1406 870 ’

259 1020 311 1072 tes
331 996 455 1072 fefellit
477 1019 614 1071 omnes.

610 1313 860 1406 carun
895 1309 987 1406 vt

698 1457 810 1525 vettii,
829 1455 871 1512 16.
886 1453 913 1511 3.
970 1498 974 1504 .

342 1601 450 1670 „Cuius
473 1605 507 1657 ds
535 1603 681 1658 virmtibns
707 1621 769 1658 cum
794 1601 858 1665 elii,
883 1610 943 1656 tum
966 1599 1085 1654 msximo
1110 1595 1279 1664 dilucideque
1296 1593 1330 1662 Q.

261 1708 424 1764 Hortensius
450 1706 478 1760 in
504 1707 655 1761 Annalibus
680 1706 735 1759 suis
759 1706 862 1760 retulit.
916 1706 999 1760 Cuius
1026 1704 1075 1758 ille
1099 1699 1195 1770 pietati
1221 1701 1331 1768 plenem

261 1811 293 1863 Ρ.
312 1811 346 1863 li.
365 1807 486 1880 gratiam
503 1809 626 1862 retulit.“
674 1810 752 1862 Haec
774 1808 889 1861 Bul-erio
914 1813 983 1860 teste
1007 1806 1035 1860 in
1061 1806 1121 1858 cod.
1139 1803 1230 1858 Murl).
1255 1801 1330 1872 lege·

261 1913 377 1988 llantur,
404 1929 473 1965 nunc
491 1913 626 1967 exstantia
643 1912 671 1965 in
692 1913 742 1965 Ed.
766 1930 806 1980 pr.
828 1930 852 1979 p.
869 1914 916 1968 18.

262 2137 446 2276 Optime,
479 2200 586 2274 quem
619 2173 745 2272 quanti
777 2170 904 2246 inciam
939 2172 998 2245 vix
1024 2169 1142 2244 dicere
1170 2195 1330 2270 possum,

261 2295 429 2370 Heinsius
439 2292 493 2366 Cl.
512 2295 689 2391 ingratam
701 2292 737 2364 lu
752 2293 775 2366 l.
790 2292 887 2366 vocis
903 2295 1067 2380 „cztius“
1087 2288 1333 2390 repetitionem

261 2413 406 2488 notavit.
456 2409 528 2483 Sed
549 2409 650 2510 quod
669 2410 786 2484 eidem
810 2411 946 2512 placuit
967 2437 1068 2486 verae
1092 2409 1254 2484 lectionis
1278 2409 1334 2481 in·

261 2553 333 2607 star
347 2529 537 2602 lectoribus
559 2555 758 2630 proponere
785 2531 963 2624 „}tuiue,“
986 2528 1137 2602 inducto
1158 2527 1334 2602 vocabulo

261 2654 404 2745 „ilte‚“
438 2649 539 2749 quod
570 2651 748 2750 sequitur:
787 2650 940 2724 illudet
972 2649 1090 2750 ipsum
1122 2648 1262 2740 durius,
1295 2646 1335 2720 ni

262 2772 385 2862 fallor,
405 2770 545 2867 istoque
569 2771 673 2846 cuius
697 2769 754 2843 vix
781 2770 1012 2868 praestantius
1038 2787 1099 2840 est.
1152 2764 1336 2842 Arridebit

261 2893 406 2966 fortasse
437 2889 628 2965 verborum
658 2889 757 2962 cuius
786 2890 845 2962 ille
869 2889 907 2961 in
939 2941 962 2982 „
973 2891 1064 2986 quin
1087 2891 1224 2962 illius“
1257 2915 1336 2962 mu·

261 3011 347 3088 tatio
371 3008 543 3084 facienda.

362 3128 460 3216 Quid
498 3126 623 3202 enim?
659 3154 780 3201 nonne
812 3128 951 3202 clarum
982 3148 1051 3216 est,
1089 3125 1337 3226 gradationem

262 3250 374 3322 inesse
402 3247 594 3321 sententiae
623 3246 660 3320 h.
687 3246 710 3317 l.
742 3243 976 3322 enunciatae?
1031 3243 1117 3320 Non
1144 3246 1336 3321 memoriae

262 3389 400 3442 tantum
426 3365 609 3455 mandata,
632 3364 695 3439 sed
719 3386 753 3439 et
780 3367 945 3466 praemiis
969 3369 1092 3440 affecta
1114 3365 1245 3442 dieitur
1269 3368 1337 3442 viri

263 3489 360 3562 illius
385 3489 422 3560 in
450 3489 601 3587 patriam
623 3487 742 3588 pietas.
872 3575 873 3579 Ἰ

362 3607 491 3709 Neque
517 3610 753 3684 concesserim
778 3611 932 3685 Krausio
950 3610 995 3682 V.
1011 3610 1059 3683 D.
1085 3635 1212 3685 vocem
1225 3612 1338 3682 huius

261 3732 371 3831 ipsius
386 3729 517 3804 Velleii
543 3731 749 3804 auctoritate
779 3731 863 3823 niti,
892 3759 1005 3831 quum
1032 3731 1113 3804 loco
1141 3731 1204 3804 illo
1230 3756 1339 3830 quem

263 3851 389 3924 excitat
412 3853 468 3939 (u
483 3854 530 3924 46
555 3852 583 3949 i.
603 3876 623 3924 α
642 3851 680 3924 &
697 3853 745 3941 5)
773 3877 846 3925 non
876 3877 980 3925 voces
1010 3854 1127 3924 Cuius
1153 3870 1188 3923 et
1215 3850 1339 3924 Huius

263 3968 326 4043 sed
351 3972 427 4060 Qui
444 3973 503 4042 vir
527 3990 563 4042 et
578 3968 689 4044 Hunc
712 3970 917 4044 coniunctas
946 3971 1133 4045 ordiantur
1158 3969 1339 4070 periodos.

362 4088 418 4162 De
440 4113 528 4162 voce
555 4091 659 4160 cuius
675 4091 765 4184 quin
789 4089 1001 4187 corrigenda
1025 4089 1102 4190 ipse
1126 4091 1216 4166 mihi
1242 4090 1343 4166 adest

263 4207 523 4302 Ruhnkenius,
559 4209 622 4308 qui
656 4208 763 4282 etiam
797 4209 1028 4310 nonagesimo
1067 4233 1196 4314 quarte
1231 4211 1339 4288 huius

262 4331 347 4407 libri
385 4327 497 4430 capite
524 4329 575 4428 (ᾗ.
594 4334 640 4419 4)
681 4329 893 4430 particulam
930 4335 1031 4424 Quin
1062 4362 1131 4438 pro
1164 4360 1208 4410 eo
1240 4331 1341 4436 quod
