3048 5152
1213 571 1263 644 97

180 787 285 843 uerat
310 765 543 860 vocabultun,
570 761 668 839 idern
690 779 813 862 postea
845 777 1026 859 repeteret.
1075 757 1151 833 Sed
1178 760 1263 834 scri-

184 883 349 960 bendum
373 905 463 957 erat:
698 863 700 870 Ι

293 1057 320 1090 ‚,
330 1018 456 1076 vetere
490 1005 682 1078 consulum
710 1027 815 1075 more
844 1027 892 1072 ac
915 1002 1147 1078 sanctitate
1174 1026 1261 1095 ges-

294 1126 445 1196 sisset.“

185 1243 322 1319 Vocab.
347 1245 481 1316 scitote
506 1242 695 1316 confusum
712 1261 765 1314 cst
779 1267 874 1314 -cum
889 1266 922 1312 v.
947 1240 1160 1312 severitate.
1205 1239 1261 1312 Da

185 1364 365 1437 sanctitate
403 1382 521 1463 autem
561 1362 722 1435 conferas
764 1359 823 1434 lib.
855 1358 893 1432 ΙΙ
936 1384 967 1433 c.
994 1382 1048 1454 29.
1120 1356 1262 1432 Deinde

180 1485 401 1560 uocabulum
425 1496 552 1555 vetere
578 1478 746 1580 equidem
769 1479 829 1554 hie
853 1503 920 1578 per
947 1476 1161 1578 hypallagen
1188 1480 1261 1579 epi·

183 1601 331 1698 theton,
367 1602 481 1702 qualis
512 1621 565 1672 est
602 1598 857 1694 l.11,116.4.
892 1599 1049 1694 positum
1088 1599 1260 1694 existimo,

184 1747 300 1823 eoque
325 1723 445 1796 miuus
463 1717 699 1812 mutandum,
723 1717 824 1818 quod
847 1717 907 1792 hic
929 1718 1026 1817 ipse,
1053 1745 1161 1818 quem
1183 1746 1262 1793 ver-

186 1869 324 1936 samus,
356 1841 449 1914 liber
471 1837 616 1914 Vinicio
642 1838 780 1911 consuli
804 1836 1006 1937 gratulandi
1034 1865 1154 1912 caussa
1177 1839 1262 1912 mis-

185 1989 263 2050 sus,
290 1961 435 2034 minime
464 1958 662 2033 recentium
694 1957 883 2031 consulum
911 1957 1260 2060 quantulamcunque

186 2081 475 2155 detrectationem
510 2079 691 2154 continere
724 2098 870 2177 poterat.
901 2119 950 2134 —
1005 2075 1102 2151 Talis
1141 2101 1260 2158 autem

185 2200 392 2274 detrectatio
408 2201 445 2273 in
462 2201 546 2274 loco
569 2199 682 2272 hoece
702 2198 849 2284 inesset,
876 2198 906 2270 si
928 2211 1098 2272 veterum
1119 2221 1259 2277 tantum

185 2322 375 2396 consulum
399 2321 620 2397 severitatem
644 2316 822 2394 laudasset
844 2317 1016 2393 Velleius.

282 2459 394 2537 Nunc
430 2482 549 2536 autem
582 2461 808 2537 severitatem
842 2457 928 2532 inde
960 2457 1152 2560 antiquitus
1176 2461 1260 2537 insi·

183 2602 255 2656 tam
282 2582 487 2657 consulibus
508 2581 642 2656 Vinicii
669 2578 854 2654 ambitioni
882 2577 1071 2656 blandiens
1101 2608 1257 2659 comme·

184 2723 300 2776 morat
332 2703 492 2802 scriptor.

496 3088 748 3178 CAPUT
773 3084 939 3177 ΗΣ.

473 3247 539 3302 vat
552 3249 598 3318 11,
616 3247 660 3303 52.
678 3247 704 3302 s
721 3246 803 3320 μτσ.
823 3249 864 3304 «ι.
881 3249 965 3308 orsu.

264 3397 382 3474 ,‚Prolt
408 3399 456 3460 dii
478 3401 668 3462 immortaler
684 3401 768 3482 qrwd
787 3400 875 3462 luha
895 3401 1063 3465 cadmiam
1085 3419 1162 3482 erqo
1181 3399 1257 3476 Bru·

180 3515 244 3565 trun
266 3523 342 3564 strae
363 3512 529 3584 postcom
548 3505 598 3565 uir·
624 3515 687 3565 tum
713 3507 796 3566 nritr's
814 3507 949 3584 pratum
975 3504 1098 3566 aeliam
1138 3510 1188 3562 Ed.
1215 3528 1255 3578 pr.

179 3614 275 3680 1³·35.

660 3727 777 3749 a

181 3824 355 3934 Orellius
381 3917 405 3956 ‚,
414 3861 573 3958 Rursus,
597 3865 733 3964 inquit,
761 3866 956 3955 nescimus,
980 3884 1102 3938 utrum
1124 3865 1254 3940 Amer-

177 3981 326 4055 hachius
345 3984 610 4056 casucmiserit
633 4012 745 4078 suae,
769 4013 816 4056 an
833 3983 1031 4058 Rhenanus
1052 3985 1249 4060 inculcarit.

177 4103 272 4176 Sane
306 4129 421 4202 neque
449 4103 688 4176 necessarium
722 4125 774 4176 est
801 4121 835 4176 et
862 4105 945 4177 loco
973 4104 1091 4178 minus
1122 4133 1252 4206 oppor-

58 4289 61 4298 .
177 4241 267 4297 tuno
290 4223 486 4322 positum.“
542 4222 657 4322 Atqui
681 4244 827 4323 propter
850 4221 890 4295 id
914 4223 1053 4323 ipsum,
1081 4226 1253 4326 quoniam

176 4343 335 4446 ineptius
363 4341 425 4418 hic
452 4341 609 4442 positum
643 4362 695 4417 est
706 4397 721 4450 ,ἵ
751 4371 770 4415 a
801 4342 980 4418 Rhenano
1008 4372 1081 4419 uon
1115 4344 1253 4419 videtur

901 4461 921 4522 7
