3048 5152
254 589 325 663 102

256 777 355 852 mine
375 777 457 854 cuin
473 780 625 879 imperio
648 783 708 854 a'ut
724 775 929 876 magistratu
948 773 1113 848 tendente
1132 799 1328 878 quoquam,

258 897 344 1001 quin
377 885 589 973 deverteret
611 899 820 974 Rhodumf‘
1308 901 1311 908 ’

270 1031 291 1044 ’“
324 1015 543 1094 Adiumento
558 1019 628 1094 rint
642 1019 732 1093 haec
747 1015 920 1092 Frenndii
938 1042 982 1088 ex
994 1016 1106 1089 lexico
1123 1015 1327 1114 desumpta:

255 1137 408 1212 Abdere
433 1167 473 1211 ae
499 1138 658 1238 tropisch
681 1139 777 1213 heim
801 1138 873 1211 Cic.
897 1136 1021 1236 h'aufig
1044 1163 1128 1210 vom
1149 1135 1325 1209 Fli'rchten

257 1285 319 1332 aux
342 1256 426 1331 dem
447 1257 591 1333 Strudel
613 1258 678 1331 der
704 1257 890 1332 Gesch'afte
912 1257 949 1328 in
980 1255 1050 1330 den
1074 1255 1238 1329 Zustand
1263 1254 1328 1328 der

256 1375 391 1451 Musae:
428 1377 526 1452 Fam.
549 1404 583 1471 7,
600 1381 665 1472 555
700 1375 949 1472 Arch.6,12;
978 1375 1076 1450 Fam.
1097 1405 1131 1474 7,
1149 1379 1205 1450 28.
1248 1377 1326 1450 Ab·

219 1583 221 1587 ¹
257 1498 357 1570 didit
377 1527 456 1570 eece
477 1503 517 1570 in
538 1501 711 1569 intimam
726 1497 992 1568 Macedoniam
1014 1495 1111 1568 Fam.
1135 1501 1189 1590 15,
1205 1521 1260 1594 29.
1327 1526 1331 1534 ’

515 1960 767 2053 cam
799 1957 1055 2051 mxv.

560 2129 626 2181 vell.
640 2127 686 2195 11,
705 2123 765 2181 103.
783 2125 870 2198 p.119
889 2127 930 2181 ed.
944 2126 1028 2181 Orell.

334 2319 357 2348 „
370 2273 433 2336 Vae
465 2279 497 2338 in
524 2279 578 2339 illo
608 2281 688 2341 insto
716 2300 810 2360 opere
841 2277 961 2340 abunde
988 2278 1136 2358 persequi
1159 2278 1329 2358 poterimus

249 2376 361 2438 nedum
379 2373 430 2441 die
449 2381 577 2462 r'mplere
599 2393 767 2444 tentemm:
789 2383 826 2444 td
840 2403 930 2444 mmm
951 2381 1071 2442 dhaere
1087 2399 1178 2463 quom
1194 2379 1251 2442 ttle
1268 2399 1329 2442 orre-

249 2476 338 2542 ne'bue
352 2481 458 2559 fioert‘t.
505 2483 580 2546 Tum
599 2485 756 2564 refieleit.“
795 2493 846 2546 Ed.
867 2509 907 2560 pr.
933 2491 1021 2558 nod.

250 2720 584 2834 Ruhnkenius'tres
604 2764 747 2862 paginas
763 2763 962 2837 dimidiatas
979 2762 1165 2862 implendo
1182 2790 1225 2837 eo
1247 2787 1325 2862 per·
1439 2773 1441 2777 ’

249 2877 365 2972 venit,
389 2901 450 2954 uta
466 2907 554 2957 voce
579 2897 762 2957 tentemus
780 2885 817 2956 in
846 2888 1009 2957 contenti
1029 2889 1145 2956 simae
1167 2909 1327 2956 commu-

249 3017 317 3072 tata
342 3001 515 3102 incipiens
541 3001 633 3078 hanc
649 3020 847 3101 proponat
864 3003 1123 3076 coniecturam:
1159 3003 1328 3077 Contenti

176 3211 180 3226 Ι
250 3117 357 3190 simus
379 3119 418 3191 id
435 3149 550 3195 unum
572 3122 717 3218 dixisse,
744 3149 853 3223 quam
874 3125 910 3196 in
936 3124 997 3195 illo
1024 3125 1142 3196 omnia
1162 3125 1328 3196 omnibus

248 3237 366 3310 fixerit.
423 3239 524 3326 Quae
552 3243 756 3318 coniectura
783 3247 887 3344 (pace
913 3245 1043 3317 summi
1068 3244 1136 3316 viri
1157 3242 1326 3339 dixerim)

248 3358 468 3459 desperantis
497 3361 611 3436 critici
637 3384 688 3436 est
721 3392 793 3438 non
826 3364 960 3436 alacris.
1029 3362 1102 3434 Sed
1130 3390 1175 3435 ne
1198 3366 1328 3437 multa:

251 3478 418 3579 equidem
444 3479 534 3554 haec
556 3508 734 3580 propono,
758 3512 848 3583 quae
870 3484 1029 3556 {acidiora
1054 3484 1122 3554 sint
1137 3511 1249 3558 necne
1273 3486 1323 3556 iu·

248 3597 341 3672 dicet
368 3600 431 3699 qui
455 3601 563 3674 volet:

353 3745 463 3827 „Vix
496 3743 536 3813 in
572 3745 646 3812 nllo
688 3767 801 3837 opere
833 3742 983 3834 abunde
1009 3746 1192 3839 pereeqni
1216 3755 1327 3838 pote-

354 3863 492 3947 rimuS,
538 3866 676 3933 nedum
716 3865 778 3934 ln'e
822 3867 979 3958 implere
1022 3878 1215 3935 tentemur.
1280 3864 1331 3932 Id

354 4005 469 4050 onum
502 3985 641 4053 dixisse
680 3998 741 4054 eet
782 3998 857 4075 eet,
903 4009 1018 4079 qnam
1059 3986 1123 4054 ille
1159 3982 1330 4054 omnihus

349 4102 479 4192 suerit
505 4127 616 4173 carne
643 4105 842 4192 (dilectae).
902 4107 998 4176 Tum
1023 4106 1188 4196 refulsit.
1209 4145 1261 4164 ν·-
1313 4129 1322 4164 -’

247 4235 358 4326 Quod
397 4237 552 4342 primum
590 4241 803 4313 inseruimus
845 4259 908 4314 ent
938 4257 999 4315 eet
1033 4245 1133 4316 facile
1169 4241 1329 4316 excidere

245 4376 385 4462 poterat
415 4353 562 4462 propter
602 4359 863 4435 similitudinem
900 4363 1082 4437 literarum
1116 4386 1150 4437 et
1182 4383 1330 4463 pro-pter
