3044 5150
1222 631 1245 702 3

176 813 294 890 secula
325 813 478 889 adamari
504 813 666 914 exigique
692 831 727 886 et
754 815 867 888 excoli
893 811 1062 888 debuisse.
1121 809 1176 892 ita
1199 859 1245 879 «-
1327 860 1329 864 -

177 957 217 1010 ut
237 937 309 1010 iam
332 961 589 1039 persequamur
608 933 706 1035 quod
722 933 843 1008 modo·
855 937 1103 1036 usurpavimus
1131 961 1244 1012 exem·

176 1058 277 1158 plum
309 1098 354 1114 --
385 1053 558 1156 quamdiu
589 1075 715 1156 poetae
741 1054 870 1140 Graeci
896 1057 1122 1151 exstitissent,
1150 1085 1244 1134 nun·

178 1203 286 1274 quam
314 1195 476 1248 cessasset
500 1172 696 1272 tragoedia,
729 1195 764 1246 et
789 1174 930 1248 infinita
955 1177 1170 1272 tragicorum
1193 1205 1246 1254 se·
1304 1256 1310 1264 ,

178 1294 244 1368 ries
291 1314 439 1394 sequuta
474 1293 595 1366 fuisset
636 1292 856 1392 Aeschylum
898 1295 1042 1392 eiusque
1072 1297 1245 1396 aequales

176 1415 261 1490 Huc
286 1414 477 1516 respiciunt
496 1414 574 1486 illa:
609 1414 739 1506 „artati
761 1415 931 1514 temporis
951 1416 1137 1515 spatium,“
1162 1416 1248 1511 huc,

177 1563 268 1638 quae
302 1535 463 1635 proxime
490 1533 730 1632 praecedunt,
766 1536 867 1609 nullo
900 1535 962 1608 illa
986 1536 1065 1610 iure
1098 1558 1249 1612 mutata:

177 1658 291 1751 „Hoc
315 1654 411 1728 idem
426 1655 578 1730 evenisse
604 1654 858 1750 grammaticis,
880 1656 1018 1754 plastis,
1041 1657 1253 1755 pictoribus,

177 1774 501 1874 scalptoribusque,
538 1772 698 1872 quisquis
722 1792 928 1872 temporum
952 1777 1116 1850 institerit
1141 1779 1248 1872 notis,

178 1894 346 1992 reperiet:
390 1897 634 1966 eminentiam
669 1897 845 1990 cuiusque
884 1899 1009 1992 operis
1047 1900 1252 1971 artissimis

140 2082 142 2088 ,
179 2026 389 2106 temporum
417 2014 591 2086 cdrustris
612 2014 919 2086 circumdatam“
942 2017 986 2111 1).
1037 2014 1144 2088 Adde
1160 2043 1279 2115 quae·

179 2133 319 2231 egregie
350 2134 469 2206 favent
504 2131 546 2206 iis
584 2158 674 2232 quae
708 2132 828 2206 statim
859 2132 1075 2232 proposituri
1111 2161 1251 2210 sumus:

179 2253 408 2344 „Historicos
443 2252 561 2326 minus
594 2251 741 2326 LXXX
771 2251 870 2327 annis
898 2252 1160 2335 circumdatum
1194 2281 1252 2336 ae-

177 2399 264 2448 vum
290 2373 406 2447 tulit.“

257 2525 357 2614 Quae
397 2525 468 2598 loci
502 2525 670 2598 sententia
708 2546 749 2599 ut
784 2526 1009 2626 expediatur,
1057 2528 1253 2626 legendum

180 2670 363 2746 propono:

287 2801 443 2891 „Huim
458 2828 547 2896 ergo
568 2803 794 2874 excedentis
808 2827 1001 2894 nunquam
1017 2803 1180 2872 seculum
1197 2803 1253 2872 in·

283 2923 485 3012 geniorum
508 2921 767 2990 similitudinis
794 2922 1131 3014 congregantisque
1150 2947 1190 2989 ae
1215 2932 1253 2988 et

288 3040 329 3109 in
344 3043 510 3111 studium
531 3065 608 3133 par
629 3039 723 3108 etin
744 3040 1051 3124 emolumentum,
1080 3041 1252 3110 causas.“

279 3209 388 3284 Cuius
426 3211 684 3286 emendationis
720 3210 766 3282 ad
803 3237 946 3286 sensum
978 3209 1077 3311 quod
1117 3212 1253 3305 attinet,

180 3334 280 3408 facile
311 3359 434 3426 omnes
467 3332 609 3426 vident,
651 3332 784 3407 Velleii
819 3357 862 3406 ex
901 3333 1073 3406 sententia
1117 3333 1253 3432 singula

180 3455 343 3527 virorum
375 3455 522 3554 ingenio
554 3453 804 3526 excellentium
832 3453 929 3552 paria
958 3495 1005 3508 -
1037 3452 1252 3546 memineris,

182 3601 271 3674 quos
298 3601 371 3647 una
402 3572 598 3646 nominavit
623 3573 800 3664 Velleius,
825 3571 1015 3672 Aeschyli,
1047 3571 1249 3670 Sophoclis,

226 3798 259 3868 ι)
282 3805 333 3857 Ed.
354 3823 409 3873 pne
451 3803 552 3871 „Adeo
580 3803 689 3872 quidem
715 3809 837 3857 emim
863 3801 999 3872 angustiis
1024 3805 1198 3868 temporem,
1223 3806 1255 3854 ut

286 3923 364 3959 nemo
382 3909 516 3962 memoris
533 3907 631 3979 dignus
652 3909 724 3960 alter
741 3907 777 3960 ab
793 3907 882 3959 altera
895 3905 982 3958 videri
994 3903 1193 3972 nequiverint.“
1222 3904 1255 3962 lu

286 4009 382 4061 romb.
408 4017 545 4068 artatum
567 4013 713 4065 haerentes
739 4011 904 4078 Interpretes
930 4007 1001 4062 alius
1027 4007 1082 4062 ulio
1115 4007 1254 4062 infelicius

288 4109 455 4166 coniecturas
469 4120 595 4182 captasse
608 4115 742 4168 videntur.
763 4114 898 4184 Equidem
914 4113 940 4168 si
954 4127 1063 4167 meeum
1076 4109 1177 4168 artati
1186 4115 1257 4168 susti

285 4213 458 4268 scribendum
483 4233 593 4274 oensem
618 4219 797 4292 subintellige
811 4206 949 4274 'metam
1014 4220 1189 4288 Quamquam
1209 4230 1256 4268 re-

284 4323 361 4372 tento
379 4333 438 4372 voc.
459 4321 595 4374 matum
618 4323 734 4378 tutans
752 4322 837 4378 etium
857 4323 1020 4392 praecedens
1042 4320 1115 4375 illud
1140 4312 1257 4374 olam

284 4422 426 4480 subaudiri
444 4427 542 4491 potest.
988 4505 1008 4542 ἤ

957 4513 973 4571 1
