3044 5150
1173 606 1239 662 lllll

164 770 327 875 Apparet
353 777 391 847 in
415 772 576 874 exemplo
590 770 858 872 Hamburgensi
882 783 1008 872 quater
1031 771 1153 848 eadem
1166 770 1240 873 legi

167 914 257 988 quae
280 890 417 961 suntin
433 887 525 960 libro
541 887 757 982 Basileensi3
780 886 835 960 bis
863 900 980 960 antem
1002 886 1080 962 alia.
1130 887 1240 962 Nam·

167 1029 237 1101 que
273 1002 310 1072 in
343 1001 453 1074 Basil.
499 1001 629 1100 legitur
665 1003 920 1099 Rescuporim,
963 1002 1000 1072 in
1036 999 1238 1102 Hamhurff.

165 1117 433 1216 Rhescuporim,
459 1117 496 1187 in
512 1115 620 1190 Basil.
637 1117 835 1207 meadum,
862 1116 900 1186 in
917 1112 1118 1213 Hamburg.
1143 1143 1240 1189 erra·

164 1231 289 1304 tulum.
344 1228 575 1304 Berolinense
604 1241 720 1302 autem
758 1228 955 1327 exemplum
987 1226 1042 1300 bis
1073 1227 1191 1303 differt
1220 1255 1242 1302 a

162 1344 379 1436 Basileensi,
416 1346 583 1416 nimirum
606 1339 703 1439 suste
730 1343 876 1442 praehet
907 1353 943 1415 et
973 1342 1241 1442 Rhescuporim.

165 1458 263 1531 Hinc
277 1461 354 1532 iure
371 1460 566 1557 meritoque
582 1457 793 1533 concludere
808 1459 915 1550 licet,
944 1455 1131 1530 editionem
1146 1459 1240 1555 prin·

164 1577 279 1671 cipem
308 1573 432 1646 iterata
463 1575 540 1646 vice
569 1575 664 1669 typis
694 1596 765 1642 non
796 1597 874 1644 esse
903 1572 1113 1668 exscriptam
1120 1600 1132 1668 5
1160 1597 1242 1644 nam

166 1687 197 1758 si
220 1689 349 1760 iterato
371 1689 449 1758 viee
474 1683 610 1783 eprelo
633 1684 839 1780 prodiisset,
871 1683 1039 1772 eandem,
1069 1711 1171 1785 quae,
1203 1698 1243 1758 ut

168 1797 328 1872 Orellius
345 1797 497 1890 docuit„
520 1807 647 1896 qnater
669 1799 819 1894 repetita
831 1797 941 1882 fuisse
960 1799 1117 1896 putanda
1136 1809 1242 1894 esset,

169 1938 213 1984 ex
238 1911 422 1984 collatione
442 1937 520 1983 mea
539 1915 648 1986 sexies
676 1912 881 2009 impressam
909 1937 987 1984 esse
1008 1939 1176 1989 sumeres.

253 2057 420 2132 Ceterum
450 2058 547 2158 qnod
570 2057 615 2130 ad
641 2084 717 2131 rem
738 2060 850 2157 ipsam
879 2059 1021 2150 attinet,
1050 2060 1245 2132 rectissime
1376 2065 1379 2072 '

170 2171 347 2245 Orellius:
378 2174 506 2265 „Cum
532 2184 667 2264 autem,
695 2173 830 2271 inquit,
862 2170 1028 2271 plagulae
1065 2182 1243 2244 correctae

112 2311 114 2314 ·
166 2288 263 2359 vario
302 2287 407 2361 modo
445 2314 524 2361 cum
563 2291 688 2360 ceteris
723 2287 1041 2384 permiscerentur,
1075 2279 1166 2357 fieri
1184 2284 1243 2358 de·

165 2399 261 2492 huit,
295 2413 335 2474 ut
372 2403 420 2474 ita
457 2403 634 2473 variarent
668 2401 766 2472 varia
800 2398 962 2474 editionis
999 2426 1052 2496 pr.
1084 2397 1245 2496 exempla

166 2499 461 2615 quemadmodum
490 2513 589 2587 vides
616 2541 660 2588 ex
687 2513 809 2587 tabula
839 2515 1045 2613 proposita“
1063 2513 1115 2612 ²⁸).

248 2663 366 2756 Quam
394 2691 468 2736 rem
496 2690 605 2761 quum
632 2662 748 2733 animo
779 2661 996 2754 volutarem,
1034 2688 1055 2733 a
1086 2659 1244 2758 Georgia

166 2774 460 2868 Friedlaendero,
494 2773 730 2850 bibliothecae
753 2777 875 2874 regiae
901 2774 1141 2848 Berolinensis
1172 2772 1244 2846 Cn·
1327 2869 1329 2874 Δ

169 2886 268 2960 stode
300 2888 522 2982 doctissimo,
555 2892 640 2964 Viro
669 2916 825 2962 summae
857 2889 1030 2962 comitatis
1061 2899 1096 2960 et
1122 2886 1244 2958 huma·

167 3002 308 3096 nitatis,
344 3004 577 3102 omnibusque
617 3004 678 3102 qui
705 3001 957 3074 bibliothecam
988 3003 1084 3073 illam
1114 2999 1245 3072 adeunt

167 3141 347 3216 nunqnam
374 3144 446 3191 non
470 3119 614 3215 egregie
642 3114 911 3215 comprobatae,
937 3141 1001 3213 per
1022 3116 1143 3187 literas
1170 3141 1243 3188 cer·

166 3231 273 3303 tiores
307 3234 393 3305 iacti
433 3258 575 3322 sumus,
613 3231 735 3328 primis
767 3242 849 3329 post
883 3227 1156 3330 typographiam
1193 3229 1245 3298 in·

165 3356 306 3418 ventam
335 3343 554 3444 temporibus
585 3343 681 3416 haud
708 3369 790 3416 raro
819 3347 933 3416 lactas
963 3370 1041 3417 esse
1071 3339 1255 3415 eiusmodi*

165 3457 337 3532 librorum
374 3462 626 3558 impressorum
663 3461 911 3536 correctiones.
992 3456 1109 3532 Simul
1145 3480 1243 3527 mon·

167 3577 292 3646 stravit
333 3574 419 3646 mihi
446 3572 622 3646 libertum
649 3575 687 3643 in
715 3572 828 3645 lexico
856 3571 902 3644 ad
930 3597 1116 3644 nnmerum
1136 3566 1246 3642 7070

170 3698 205 3757 et
237 3685 373 3764 11189.
438 3687 490 3758 Et
527 3685 822 3760 Friedlaenderus
858 3697 893 3758 et
925 3685 970 3758 ad
1010 3711 1104 3757 num.
1136 3671 1246 3754 7070

168 3797 324 3874 hibertus
363 3801 599 3876 correctiones
627 3799 708 3873 illas
744 3802 794 3872 ita
821 3801 936 3872 factas
962 3795 1170 3888 ostendunt,
1206 3806 1246 3868 ut

209 3978 238 4055 *)
270 3982 302 4034 ln
330 4001 363 4036 eo
384 3988 457 4055 quod
481 4004 532 4040 nos
561 3986 745 4052 contulimus,
776 3988 901 4054 exemplo
922 3983 1088 4083 llmbmgl.
1105 3985 1246 4036 asservato

271 4060 1246 4224 attattetttttttttlff'tssttittttltt't

270 4223 347 4300 llere
364 4227 494 4306 quidem]
517 4253 557 4288 cx.
578 4241 633 4289 vet.
653 4237 750 4298 habet,
767 4251 824 4292 uec
841 4228 955 4308 deflere
974 4227 1103 4309 quidem.
1145 4232 1243 4283 Elucet

271 4315 419 4368 Bnrerium
452 4332 536 4383 quum
575 4320 786 4374 Emendationes
813 4319 877 4376 illas
907 4316 1103 4389 perscriberet,
1130 4311 1245 4384 plagula

269 4398 319 4454 illa
340 4398 426 4454 scrius
445 4405 567 4454 correcta
589 4419 642 4456 non
661 4420 740 4458 usum
760 4421 827 4457 esse.
