3044 5150
210 805 214 816 ¹
288 815 389 903 Quae
424 840 536 915 quum
569 814 616 888 ita
650 811 737 908 sint,
776 816 872 888 nulla
907 816 1056 915 arnplius
1088 817 1259 892 dubitatio

192 936 272 1029 erit,
296 963 422 1010 rerum
447 926 520 1010 esse
545 935 646 1036 quod
676 937 778 1009 nobis
799 937 834 1008 in
861 958 1018 1010 mentem
1039 939 1152 1011 venit:

308 1142 334 1177 „
350 1092 464 1162 Cuius
497 1104 638 1187 gratae
672 1095 865 1187 religionis
893 1093 1116 1162 memoriam
1142 1095 1179 1161 et
1203 1095 1258 1163 in·

307 1213 462 1304 scriptio
490 1215 620 1307 templi
642 1214 757 1306 affixa
771 1213 879 1306 posti
901 1212 1106 1305 hodieque,
1139 1223 1177 1281 et
1201 1225 1259 1283 ta·

307 1331 394 1401 bula
418 1344 579 1402 testatur
606 1335 646 1402 in
669 1359 762 1403 oreo
789 1335 950 1403 interna.

182 1540 195 1551 ··
274 1503 386 1576 Areas
401 1506 506 1577 etiam
525 1507 621 1578 aulas
644 1531 728 1597 esse,
753 1523 787 1577 et
804 1504 975 1604 impluvia
987 1531 1014 1578 s.
1029 1502 1108 1576 loca
1128 1523 1257 1600 aperta,

185 1621 223 1696 io
249 1623 375 1698 mediis
392 1651 602 1724 quoque-
622 1624 661 1697 id
683 1625 782 1723 quod
805 1627 912 1724 probe
937 1623 1192 1698 attendendum
1206 1667 1257 1682 -

187 1741 355 1814 aedificiis
385 1743 468 1835 sita,
504 1740 621 1814 edocti
648 1768 769 1814 sumus
796 1742 881 1814 locis
904 1741 1063 1835 duobus,
1098 1772 1188 1844 quos
1211 1743 1258 1816 ad

186 1861 327 1934 Vitruv.
353 1861 376 1932 l.
395 1862 448 1934 vl
474 1890 503 1934 c.
520 1861 573 1934 III
591 1889 620 1938 t.
657 1862 749 1934 inter
776 1860 861 1932 alios
885 1864 1016 1934 multos
1045 1864 1159 1936 attulit
1190 1864 1257 1938 Vir

137 1999 142 2006 ’
185 1978 223 2050 in
258 1980 376 2078 paucis
400 1979 556 2053 eruditus
586 1981 612 2053 l.
639 1982 682 2057 G.
712 1979 961 2054 Schneiderus.
1019 1981 1112 2053 Sunt
1138 2004 1257 2056 autem

185 2096 243 2170 hi:
284 2103 422 2172 Festus
453 2100 497 2173 de
523 2102 609 2174 atrio
632 2103 678 2173 ita
703 2101 824 2173 tradit:
861 2100 1008 2172 Atrium
1034 2102 1177 2198 proprie
1205 2123 1281 2198 est.

183 2244 298 2316 genus
316 2219 467 2293 aedificii
485 2243 566 2293 ante
584 2220 706 2293 aedem
724 2223 911 2294 continens
928 2223 1094 2291 mediam
1112 2246 1256 2315 aream,

181 2337 218 2410 in
250 2366 355 2439 quam
388 2342 536 2416 collecta
567 2369 609 2414 ex
635 2343 735 2414 omui
768 2363 861 2416 tecto
889 2341 1008 2442 pluria
1034 2337 1255 2412 descendit.“

181 2457 236 2532 Et.
263 2488 296 2558 q.
316 2487 341 2534 s.
361 2485 413 2516 -·
442 2459 544 2532 Alter
568 2482 620 2534 est
644 2463 746 2534 locus
775 2464 891 2534 Plinii
914 2457 1063 2532 iunioris
1092 2458 1183 2557 Epp.
1205 2455 1254 2550 II,

187 2604 240 2671 17·
259 2593 292 2651 4.
345 2578 472 2671 „Villa
493 2581 615 2652 usibus
647 2607 758 2679 capax
784 2605 856 2652 non
889 2598 1096 2677 sumptuosa
1127 2577 1255 2650 tutela:

182 2697 283 2769 euius
311 2699 349 2770 in
385 2701 501 2799 prima
531 2722 630 2799 parte
666 2699 795 2774 atrium
821 2699 918 2796 frugi
950 2723 1017 2770 nec
1039 2719 1156 2769 tamen
1179 2723 1255 2770 sor·

182 2811 327 2886 didum:
358 2815 487 2890 deinde
507 2823 682 2914 porticus
710 2818 746 2888 io
771 2816 805 2890 D
831 2817 951 2889 literae
984 2815 1254 2890 similitudinem

180 2933 433 3029 circumactae,
463 2940 595 3035 quibus
619 2938 768 3040 parvula
789 2934 851 3007 sed
877 2936 997 3008 festiva
1020 2963 1115 3007 area
1139 2939 1252 3006 inolu-

180 3056 303 3146 ditur,
329 3058 512 3155 egregium
537 3055 702 3132 adversus
729 3075 952 3155 tempestates
976 3057 1250 3156 receptaculum.

177 3163 249 3248 Est
265 3196 388 3248 contra
414 3175 551 3248 medias
576 3175 782 3249 cavaedium
803 3173 933 3246 hilare:
958 3201 1043 3248 mox
1059 3174 1253 3248 triclinium

177 3295 258 3368 satis
280 3296 472 3399 pulchrum
496 3296 596 3396 quod
621 3296 657 3368 in
682 3297 780 3368 littus
807 3294 992 3370 excurrit“

196 3535 199 3542 Ι
276 3451 325 3521 Αῑ
357 3452 499 3552 templis
540 3477 684 3551 quoque
718 3452 754 3522 in
791 3449 919 3521 mediis
959 3447 1252 3520 construebantur

178 3595 303 3644 oreae.
352 3567 552 3642 Audiamus
583 3570 676 3642 enim
702 3567 790 3642 haec
815 3563 990 3641 vitruvii:

275 3687 474 3789 „Dipteros
505 3708 623 3760 autem
661 3689 848 3788 octastylos
880 3707 914 3757 et
945 3707 1083 3782 pronao
1121 3701 1155 3753 et
1186 3705 1251 3781 po·

178 3802 285 3896 atico,
319 3806 382 3879 sed
418 3807 511 3880 circa
540 3806 663 3880 aedem
702 3806 864 3904 duplices
891 3803 999 3874 habet'
1026 3798 1167 3872 ordines
1192 3825 1251 3873 co-

178 3913 406 4018 lumnarum,
441 3929 491 4000 uti
528 3917 595 4000 est*
612 3925 716 4000 aedes
741 3923 887 4010 Quirini
911 3921 1046 3994 Dorica
1072 3940 1105 3992 ct
1131 3918 1250 4018 Ephe·

177 4042 247 4115 siae
271 4045 426 4116 Dianae
452 4047 577 4121 Jouica
605 4074 624 4120 a
646 4042 912 4142 Chersiphrone
938 4040 1139 4115 constituta.
1173 4040 1250 4141 Hy-

175 4161 342 4264 paethros
375 4190 460 4237 vero
499 4164 694 4267 decastylos
727 4185 777 4238 est
804 4165 840 4236 in
865 4190 1004 4264 pronao
1033 4184 1067 4234 et
1092 4162 1249 4261 postico:

175 4284 311 4384 reliqua
339 4284 458 4358 omnia
483 4285 608 4360 cadem
635 4285 741 4360 habet
767 4310 858 4387 quae
887 4283 1067 4384 dipteros,
1103 4280 1166 4354 sed
1193 4281 1247 4352 in·

171 4403 301 4478 teriore
335 4427 434 4505 parte
469 4407 652 4480 columnas
679 4409 716 4480 in
754 4403 941 4481 altitudine
974 4403 1154 4504 duplices,
1192 4427 1246 4475 re·
