<?xml version="1.0" encoding="UTF-8"?>
<!DOCTYPE html PUBLIC "-//W3C//DTD XHTML 1.0 Transitional//EN"
    "http://www.w3.org/TR/xhtml1/DTD/xhtml1-transitional.dtd">
<html xmlns="http://www.w3.org/1999/xhtml" xml:lang="en" lang="en">
 <head>
  <title>
</title>
<meta http-equiv="Content-Type" content="text/html;charset=utf-8" />
  <meta name='ocr-system' content='tesseract 3.04.00' />
  <meta name='ocr-capabilities' content='ocr_page ocr_carea ocr_par ocr_line ocrx_word'/>
</head>
<body>
  <div class='ocr_page' id='page_1' title='image "./locivelleiani00laurgoog_0069.png"; bbox 0 0 3044 5150; ppageno 0'>
   <div class='ocr_carea' id='block_1_1' title="bbox 269 585 320 662">
    <p class='ocr_par' dir='ltr' id='par_1_1' title="bbox 269 585 320 662">
     <span class='ocr_line' id='line_1_1' title="bbox 269 585 320 662; baseline 0 0"><span class='ocrx_word' id='word_1_1' title='bbox 269 585 320 662; x_wconf 72' lang='lat' dir='ltr'>lo</span> 
     </span>
    </p>
   </div>
   <div class='ocr_carea' id='block_1_2' title="bbox 267 769 1345 2194">
    <p class='ocr_par' dir='ltr' id='par_1_2' title="bbox 267 769 1345 2194">
     <span class='ocr_line' id='line_1_2' title="bbox 273 769 1344 880; baseline -0.002 -32"><span class='ocrx_word' id='word_1_2' title='bbox 273 776 360 880; x_wconf 85' lang='lat' dir='ltr'>quin</span> <span class='ocrx_word' id='word_1_3' title='bbox 395 801 594 876; x_wconf 70' lang='lat' dir='ltr'><strong>numquam</strong></span> <span class='ocrx_word' id='word_1_4' title='bbox 630 801 702 850; x_wconf 89' lang='lat' dir='ltr'>non</span> <span class='ocrx_word' id='word_1_5' title='bbox 741 769 960 865; x_wconf 78' lang='lat' dir='ltr'>acutissimo,</span> <span class='ocrx_word' id='word_1_6' title='bbox 995 770 1223 846; x_wconf 79' lang='lat' dir='ltr'>scribendum</span> <span class='ocrx_word' id='word_1_7' title='bbox 1254 797 1344 846; x_wconf 82' lang='lat' dir='ltr'>esse:</span> 
     </span>
     <span class='ocr_line' id='line_1_3' title="bbox 271 891 1344 992; baseline -0.005 -23"><span class='ocrx_word' id='word_1_8' title='bbox 271 921 413 992; x_wconf 77' lang='lat' dir='ltr'><strong><em>magna</em></strong></span> <span class='ocrx_word' id='word_1_9' title='bbox 435 921 522 969; x_wconf 78' lang='lat' dir='ltr'>mox</span> <span class='ocrx_word' id='word_1_10' title='bbox 546 899 653 970; x_wconf 82' lang='lat' dir='ltr'>clade</span> <span class='ocrx_word' id='word_1_11' title='bbox 673 909 806 970; x_wconf 76' lang='lat' dir='ltr'>nostra</span> <span class='ocrx_word' id='word_1_12' title='bbox 828 917 944 990; x_wconf 78' lang='lat' dir='ltr'>saepe</span> <span class='ocrx_word' id='word_1_13' title='bbox 965 906 1003 964; x_wconf 86' lang='lat' dir='ltr'>et</span> <span class='ocrx_word' id='word_1_14' title='bbox 1025 891 1289 988; x_wconf 66' lang='lat' dir='ltr'>offectavimus</span> <span class='ocrx_word' id='word_1_15' title='bbox 1307 908 1344 964; x_wconf 83' lang='lat' dir='ltr'>et</span> 
     </span>
     <span class='ocr_line' id='line_1_4' title="bbox 272 1011 1344 1112; baseline -0.002 -25"><span class='ocrx_word' id='word_1_16' title='bbox 272 1019 477 1089; x_wconf 81' lang='lat' dir='ltr'>omisimus.</span> <span class='ocrx_word' id='word_1_17' title='bbox 529 1015 679 1090; x_wconf 80' lang='lat' dir='ltr'>Utinam</span> <span class='ocrx_word' id='word_1_18' title='bbox 702 1035 775 1088; x_wconf 84' lang='lat' dir='ltr'>tem</span> <span class='ocrx_word' id='word_1_19' title='bbox 800 1016 928 1088; x_wconf 82' lang='lat' dir='ltr'><strong>uberes</strong></span> <span class='ocrx_word' id='word_1_20' title='bbox 958 1011 1089 1112; x_wconf 90' lang='lat' dir='ltr'>ubique</span> <span class='ocrx_word' id='word_1_21' title='bbox 1112 1015 1266 1085; x_wconf 85' lang='lat' dir='ltr'>fluerent</span> <span class='ocrx_word' id='word_1_22' title='bbox 1289 1011 1344 1085; x_wconf 92' lang='lat' dir='ltr'>bi·</span> 
     </span>
     <span class='ocr_line' id='line_1_5' title="bbox 270 1133 1343 1234; baseline -0.004 -26"><span class='ocrx_word' id='word_1_23' title='bbox 270 1137 394 1209; x_wconf 83' lang='lat' dir='ltr'>storiae</span> <span class='ocrx_word' id='word_1_24' title='bbox 424 1137 559 1228; x_wconf 84' lang='lat' dir='ltr'>sontes,</span> <span class='ocrx_word' id='word_1_25' title='bbox 592 1135 675 1208; x_wconf 75' lang='lat' dir='ltr'>sales</span> <span class='ocrx_word' id='word_1_26' title='bbox 713 1157 751 1207; x_wconf 87' lang='lat' dir='ltr'>ut</span> <span class='ocrx_word' id='word_1_27' title='bbox 788 1134 1009 1209; x_wconf 80' lang='lat' dir='ltr'>coniecturas</span> <span class='ocrx_word' id='word_1_28' title='bbox 1038 1158 1166 1234; x_wconf 81' lang='lat' dir='ltr'>capere</span> <span class='ocrx_word' id='word_1_29' title='bbox 1200 1133 1343 1206; x_wconf 86' lang='lat' dir='ltr'>liceret!</span> 
     </span>
     <span class='ocr_line' id='line_1_6' title="bbox 270 1253 1344 1356; baseline -0.002 -29"><span class='ocrx_word' id='word_1_30' title='bbox 270 1253 353 1328; x_wconf 85' lang='lat' dir='ltr'>Mea</span> <span class='ocrx_word' id='word_1_31' title='bbox 387 1277 506 1329; x_wconf 82' lang='lat' dir='ltr'>autem</span> <span class='ocrx_word' id='word_1_32' title='bbox 542 1253 713 1356; x_wconf 86' lang='lat' dir='ltr'>opinione</span> <span class='ocrx_word' id='word_1_33' title='bbox 741 1256 807 1327; x_wconf 86' lang='lat' dir='ltr'>nisi</span> <span class='ocrx_word' id='word_1_34' title='bbox 840 1273 988 1347; x_wconf 82' lang='lat' dir='ltr'>statues,</span> <span class='ocrx_word' id='word_1_35' title='bbox 1034 1255 1140 1327; x_wconf 85' lang='lat' dir='ltr'>verba</span> <span class='ocrx_word' id='word_1_36' title='bbox 1173 1283 1221 1327; x_wconf 86' lang='lat' dir='ltr'>m.</span> <span class='ocrx_word' id='word_1_37' title='bbox 1257 1280 1344 1340; x_wconf 72' lang='lat' dir='ltr'>mox</span> 
     </span>
     <span class='ocr_line' id='line_1_7' title="bbox 270 1373 1343 1474; baseline -0.002 -26"><span class='ocrx_word' id='word_1_38' title='bbox 270 1401 300 1450; x_wconf 85' lang='lat' dir='ltr'>c.</span> <span class='ocrx_word' id='word_1_39' title='bbox 322 1403 357 1447; x_wconf 85' lang='lat' dir='ltr'>n.</span> <span class='ocrx_word' id='word_1_40' title='bbox 387 1373 494 1449; x_wconf 82' lang='lat' dir='ltr'>eladis</span> <span class='ocrx_word' id='word_1_41' title='bbox 516 1375 680 1468; x_wconf 82' lang='lat' dir='ltr'>alieuius,</span> <span class='ocrx_word' id='word_1_42' title='bbox 717 1396 796 1474; x_wconf 84' lang='lat' dir='ltr'>post</span> <span class='ocrx_word' id='word_1_43' title='bbox 817 1373 921 1466; x_wconf 83' lang='lat' dir='ltr'>Fabii¹</span> <span class='ocrx_word' id='word_1_44' title='bbox 944 1373 1206 1474; x_wconf 84' lang='lat' dir='ltr'>expeditionem</span> <span class='ocrx_word' id='word_1_45' title='bbox 1234 1374 1343 1446; x_wconf 83' lang='lat' dir='ltr'>factae</span> 
     </span>
     <span class='ocr_line' id='line_1_8' title="bbox 271 1495 1344 1588; baseline -0.002 -20"><span class='ocrx_word' id='word_1_46' title='bbox 271 1495 431 1568; x_wconf 85' lang='lat' dir='ltr'><strong>notitiam</strong></span> <span class='ocrx_word' id='word_1_47' title='bbox 452 1496 634 1568; x_wconf 78' lang='lat' dir='ltr'>continere</span> <span class='ocrx_word' id='word_1_48' title='bbox 658 1497 755 1567; x_wconf 87' lang='lat' dir='ltr'>cuius</span> <span class='ocrx_word' id='word_1_49' title='bbox 780 1495 956 1568; x_wconf 83' lang='lat' dir='ltr'>interierit</span> <span class='ocrx_word' id='word_1_50' title='bbox 986 1495 1178 1588; x_wconf 86' lang='lat' dir='ltr'>memoria,</span> <span class='ocrx_word' id='word_1_51' title='bbox 1214 1495 1344 1567; x_wconf 76' lang='lat' dir='ltr'>scribes</span> 
     </span>
     <span class='ocr_line' id='line_1_9' title="bbox 269 1607 1345 1711; baseline -0.002 -23"><span class='ocrx_word' id='word_1_52' title='bbox 269 1607 417 1692; x_wconf 80' lang='lat' dir='ltr'>lortasse</span> <span class='ocrx_word' id='word_1_53' title='bbox 441 1641 600 1689; x_wconf 87' lang='lat' dir='ltr'>meeum:</span> <span class='ocrx_word' id='word_1_54' title='bbox 635 1643 776 1711; x_wconf 84' lang='lat' dir='ltr'><em>magna</em></span> <span class='ocrx_word' id='word_1_55' title='bbox 803 1643 908 1691; x_wconf 72' lang='lat' dir='ltr'>esem</span> <span class='ocrx_word' id='word_1_56' title='bbox 940 1619 1047 1688; x_wconf 84' lang='lat' dir='ltr'>clade</span> <span class='ocrx_word' id='word_1_57' title='bbox 1076 1630 1217 1688; x_wconf 83' lang='lat' dir='ltr'>nostra.</span> <span class='ocrx_word' id='word_1_58' title='bbox 1278 1613 1345 1686; x_wconf 83' lang='lat' dir='ltr'>cui</span> 
     </span>
     <span class='ocr_line' id='line_1_10' title="bbox 270 1733 1342 1833; baseline -0.001 -27"><span class='ocrx_word' id='word_1_59' title='bbox 270 1733 530 1828; x_wconf 83' lang='lat' dir='ltr'>emendationi,</span> <span class='ocrx_word' id='word_1_60' title='bbox 562 1736 628 1808; x_wconf 90' lang='lat' dir='ltr'>nisi</span> <span class='ocrx_word' id='word_1_61' title='bbox 659 1737 749 1808; x_wconf 84' lang='lat' dir='ltr'>favet</span> <span class='ocrx_word' id='word_1_62' title='bbox 781 1737 947 1829; x_wconf 85' lang='lat' dir='ltr'>historia,</span> <span class='ocrx_word' id='word_1_63' title='bbox 974 1734 1240 1833; x_wconf 78' lang='lat' dir='ltr'>temporibus,</span> <span class='ocrx_word' id='word_1_64' title='bbox 1271 1759 1342 1806; x_wconf 87' lang='lat' dir='ltr'>non</span> 
     </span>
     <span class='ocr_line' id='line_1_11' title="bbox 269 1853 1342 1958; baseline 0.004 -32"><span class='ocrx_word' id='word_1_65' title='bbox 269 1853 377 1942; x_wconf 88' lang='lat' dir='ltr'>mihi,</span> <span class='ocrx_word' id='word_1_66' title='bbox 401 1856 484 1927; x_wconf 77' lang='lat' dir='ltr'>vitio</span> <span class='ocrx_word' id='word_1_67' title='bbox 515 1857 664 1931; x_wconf 80' lang='lat' dir='ltr'>vertatis.</span> <span class='ocrx_word' id='word_1_68' title='bbox 719 1857 842 1958; x_wconf 83' lang='lat' dir='ltr'>Itaque</span> <span class='ocrx_word' id='word_1_69' title='bbox 872 1856 918 1929; x_wconf 88' lang='lat' dir='ltr'>de</span> <span class='ocrx_word' id='word_1_70' title='bbox 946 1857 1059 1956; x_wconf 87' lang='lat' dir='ltr'>prima</span> <span class='ocrx_word' id='word_1_71' title='bbox 1079 1855 1218 1955; x_wconf 83' lang='lat' dir='ltr'>periodi</span> <span class='ocrx_word' id='word_1_72' title='bbox 1244 1878 1342 1957; x_wconf 85' lang='lat' dir='ltr'>parte</span> 
     </span>
     <span class='ocr_line' id='line_1_12' title="bbox 269 1973 1342 2075; baseline 0.001 -27"><span class='ocrx_word' id='word_1_73' title='bbox 269 2001 353 2048; x_wconf 85' lang='lat' dir='ltr'>eum</span> <span class='ocrx_word' id='word_1_74' title='bbox 377 1973 529 2069; x_wconf 86' lang='lat' dir='ltr'>Orellio,</span> <span class='ocrx_word' id='word_1_75' title='bbox 552 1977 692 2075; x_wconf 82' lang='lat' dir='ltr'>egregie</span> <span class='ocrx_word' id='word_1_76' title='bbox 715 2005 813 2050; x_wconf 85' lang='lat' dir='ltr'>nunc</span> <span class='ocrx_word' id='word_1_77' title='bbox 836 1998 871 2048; x_wconf 79' lang='lat' dir='ltr'>et</span> <span class='ocrx_word' id='word_1_78' title='bbox 899 1975 943 2048; x_wconf 88' lang='lat' dir='ltr'>de</span> <span class='ocrx_word' id='word_1_79' title='bbox 961 1976 1102 2050; x_wconf 87' lang='lat' dir='ltr'>Velleio</span> <span class='ocrx_word' id='word_1_80' title='bbox 1125 1977 1264 2071; x_wconf 80' lang='lat' dir='ltr'>merite,</span> <span class='ocrx_word' id='word_1_81' title='bbox 1292 2005 1342 2049; x_wconf 86' lang='lat' dir='ltr'>es-</span> 
     </span>
     <span class='ocr_line' id='line_1_13' title="bbox 267 2094 1151 2194; baseline 0.002 -28"><span class='ocrx_word' id='word_1_82' title='bbox 267 2096 458 2168; x_wconf 82' lang='lat' dir='ltr'>sentientes</span> <span class='ocrx_word' id='word_1_83' title='bbox 480 2097 692 2169; x_wconf 83' lang='lat' dir='ltr'>Burmanno</span> <span class='ocrx_word' id='word_1_84' title='bbox 713 2094 901 2194; x_wconf 87' lang='lat' dir='ltr'>legendum</span> <span class='ocrx_word' id='word_1_85' title='bbox 927 2097 1151 2170; x_wconf 86' lang='lat' dir='ltr'>coniicirnus:</span> 
     </span>
    </p>
   </div>
   <div class='ocr_carea' id='block_1_3' title="bbox 276 2251 1355 2704">
    <p class='ocr_par' dir='ltr' id='par_1_3' title="bbox 372 2251 1344 2349">
     <span class='ocr_line' id='line_1_14' title="bbox 372 2251 1344 2349; baseline 0.003 -29"><span class='ocrx_word' id='word_1_86' title='bbox 372 2251 523 2322; x_wconf 82' lang='lat' dir='ltr'>Gallias</span> <span class='ocrx_word' id='word_1_87' title='bbox 539 2254 711 2346; x_wconf 80' lang='lat' dir='ltr'>primum</span> <span class='ocrx_word' id='word_1_88' title='bbox 737 2277 763 2320; x_wconf 90' lang='lat' dir='ltr'><strong><em>a</em></strong></span> <span class='ocrx_word' id='word_1_89' title='bbox 787 2253 959 2322; x_wconf 86' lang='lat' dir='ltr'>Domitio</span> <span class='ocrx_word' id='word_1_90' title='bbox 983 2265 1020 2322; x_wconf 86' lang='lat' dir='ltr'>et</span> <span class='ocrx_word' id='word_1_91' title='bbox 1039 2252 1181 2338; x_wconf 83' lang='lat' dir='ltr'>Fabio,</span> <span class='ocrx_word' id='word_1_92' title='bbox 1209 2267 1344 2349; x_wconf 81' lang='lat' dir='ltr'>nepote</span> 
     </span>
    </p>

    <p class='ocr_par' dir='ltr' id='par_1_4' title="bbox 276 2370 1355 2704">
     <span class='ocr_line' id='line_1_15' title="bbox 276 2370 1355 2464; baseline 0.005 -25"><span class='ocrx_word' id='word_1_93' title='bbox 276 2373 281 2380; x_wconf 85' lang='lat'>&#39;</span> <span class='ocrx_word' id='word_1_94' title='bbox 370 2373 506 2455; x_wconf 81' lang='lat' dir='ltr'>Paulli,</span> <span class='ocrx_word' id='word_1_95' title='bbox 535 2372 601 2464; x_wconf 77' lang='lat' dir='ltr'>qui</span> <span class='ocrx_word' id='word_1_96' title='bbox 618 2370 882 2464; x_wconf 75' lang='lat' dir='ltr'>Allobrogicae</span> <span class='ocrx_word' id='word_1_97' title='bbox 907 2384 1064 2442; x_wconf 79' lang='lat' dir='ltr'>vocatas</span> <span class='ocrx_word' id='word_1_98' title='bbox 1086 2386 1153 2458; x_wconf 83' lang='lat' dir='ltr'>est,</span> <span class='ocrx_word' id='word_1_99' title='bbox 1179 2377 1355 2444; x_wconf 78' lang='lat' dir='ltr'>intratos·</span> 
     </span>
     <span class='ocr_line' id='line_1_16' title="bbox 368 2492 1340 2588; baseline 0.004 -27"><span class='ocrx_word' id='word_1_100' title='bbox 368 2514 452 2562; x_wconf 81' lang='lat' dir='ltr'>cum</span> <span class='ocrx_word' id='word_1_101' title='bbox 475 2492 641 2560; x_wconf 81' lang='lat' dir='ltr'>exercitu</span> <span class='ocrx_word' id='word_1_102' title='bbox 665 2517 807 2585; x_wconf 80' lang='lat' dir='ltr'><em>magna</em></span> <span class='ocrx_word' id='word_1_103' title='bbox 832 2517 915 2563; x_wconf 76' lang='lat' dir='ltr'>cum</span> <span class='ocrx_word' id='word_1_104' title='bbox 940 2495 1048 2563; x_wconf 84' lang='lat' dir='ltr'>clade</span> <span class='ocrx_word' id='word_1_105' title='bbox 1070 2506 1202 2565; x_wconf 86' lang='lat' dir='ltr'>nostra</span> <span class='ocrx_word' id='word_1_106' title='bbox 1227 2520 1340 2588; x_wconf 84' lang='lat' dir='ltr'>saepe</span> 
     </span>
     <span class='ocr_line' id='line_1_17' title="bbox 368 2607 985 2704; baseline 0.003 -23"><span class='ocrx_word' id='word_1_107' title='bbox 368 2622 406 2682; x_wconf 81' lang='lat' dir='ltr'>el</span> <span class='ocrx_word' id='word_1_108' title='bbox 433 2607 697 2704; x_wconf 83' lang='lat' dir='ltr'>affectavimus</span> <span class='ocrx_word' id='word_1_109' title='bbox 718 2624 756 2680; x_wconf 81' lang='lat' dir='ltr'>el</span> <span class='ocrx_word' id='word_1_110' title='bbox 781 2614 985 2683; x_wconf 81' lang='lat' dir='ltr'>amisimus.</span> 
     </span>
    </p>
   </div>
   <div class='ocr_carea' id='block_1_4' title="bbox 266 2783 1342 3366">
    <p class='ocr_par' dir='ltr' id='par_1_5' title="bbox 266 2783 1342 3366">
     <span class='ocr_line' id='line_1_18' title="bbox 268 2783 1342 2882; baseline 0.003 -25"><span class='ocrx_word' id='word_1_111' title='bbox 268 2783 398 2882; x_wconf 79' lang='lat' dir='ltr'>Magne</span> <span class='ocrx_word' id='word_1_112' title='bbox 427 2805 542 2858; x_wconf 86' lang='lat' dir='ltr'>autem</span> <span class='ocrx_word' id='word_1_113' title='bbox 569 2810 651 2856; x_wconf 85' lang='lat' dir='ltr'>cum</span> <span class='ocrx_word' id='word_1_114' title='bbox 680 2784 782 2859; x_wconf 85' lang='lat' dir='ltr'>clade</span> <span class='ocrx_word' id='word_1_115' title='bbox 807 2814 834 2858; x_wconf 92' lang='lat' dir='ltr'>s.</span> <span class='ocrx_word' id='word_1_116' title='bbox 858 2786 977 2858; x_wconf 87' lang='lat' dir='ltr'>multis</span> <span class='ocrx_word' id='word_1_117' title='bbox 1000 2813 1083 2858; x_wconf 87' lang='lat' dir='ltr'>cum</span> <span class='ocrx_word' id='word_1_118' title='bbox 1111 2784 1248 2858; x_wconf 89' lang='lat' dir='ltr'>damnis</span> <span class='ocrx_word' id='word_1_119' title='bbox 1269 2787 1342 2860; x_wconf 83' lang='lat' dir='ltr'>Ro-</span> 
     </span>
     <span class='ocr_line' id='line_1_19' title="bbox 266 2903 1342 3004; baseline 0 -26"><span class='ocrx_word' id='word_1_120' title='bbox 266 2905 364 2978; x_wconf 81' lang='lat' dir='ltr'>mani</span> <span class='ocrx_word' id='word_1_121' title='bbox 397 2905 434 2979; x_wconf 83' lang='lat' dir='ltr'>b</span> <span class='ocrx_word' id='word_1_122' title='bbox 464 2906 489 2978; x_wconf 92' lang='lat' dir='ltr'>l.</span> <span class='ocrx_word' id='word_1_123' title='bbox 528 2903 661 2982; x_wconf 79' lang='lat' dir='ltr'>Gallias</span> <span class='ocrx_word' id='word_1_124' title='bbox 696 2905 908 2980; x_wconf 71' lang='lat' dir='ltr'>affectavisse</span> <span class='ocrx_word' id='word_1_125' title='bbox 940 2903 1131 2996; x_wconf 78' lang='lat' dir='ltr'>dicuntur,</span> <span class='ocrx_word' id='word_1_126' title='bbox 1171 2906 1342 3004; x_wconf 84' lang='lat' dir='ltr'>quoniam</span> 
     </span>
     <span class='ocr_line' id='line_1_20' title="bbox 267 3022 1338 3126; baseline -0.003 -23"><span class='ocrx_word' id='word_1_127' title='bbox 267 3048 424 3121; x_wconf 81' lang='lat' dir='ltr'>constat,</span> <span class='ocrx_word' id='word_1_128' title='bbox 463 3029 507 3098; x_wconf 86' lang='lat' dir='ltr'>ab</span> <span class='ocrx_word' id='word_1_129' title='bbox 543 3053 638 3099; x_wconf 83' lang='lat' dir='ltr'>anno</span> <span class='ocrx_word' id='word_1_130' title='bbox 672 3026 757 3098; x_wconf 89' lang='lat' dir='ltr'>inde</span> <span class='ocrx_word' id='word_1_131' title='bbox 786 3053 851 3100; x_wconf 78' lang='lat'>121</span> <span class='ocrx_word' id='word_1_132' title='bbox 889 3051 1000 3126; x_wconf 88' lang='lat' dir='ltr'>usque</span> <span class='ocrx_word' id='word_1_133' title='bbox 1033 3022 1077 3096; x_wconf 83' lang='lat' dir='ltr'>ad</span> <span class='ocrx_word' id='word_1_134' title='bbox 1111 3053 1194 3097; x_wconf 79' lang='lat' dir='ltr'>erin.</span> <span class='ocrx_word' id='word_1_135' title='bbox 1222 3030 1267 3098; x_wconf 83' lang='lat'>58</span> <span class='ocrx_word' id='word_1_136' title='bbox 1304 3057 1338 3126; x_wconf 88' lang='lat' dir='ltr'>p.</span> 
     </span>
     <span class='ocr_line' id='line_1_21' title="bbox 268 3146 1341 3246; baseline 0.003 -29"><span class='ocrx_word' id='word_1_137' title='bbox 268 3146 355 3219; x_wconf 76' lang='lat' dir='ltr'>chr.</span> <span class='ocrx_word' id='word_1_138' title='bbox 384 3174 418 3218; x_wconf 85' lang='lat' dir='ltr'>n.</span> <span class='ocrx_word' id='word_1_139' title='bbox 451 3147 619 3218; x_wconf 87' lang='lat' dir='ltr'>continua</span> <span class='ocrx_word' id='word_1_140' title='bbox 643 3147 738 3217; x_wconf 86' lang='lat' dir='ltr'>bella</span> <span class='ocrx_word' id='word_1_141' title='bbox 762 3167 855 3243; x_wconf 78' lang='lat' dir='ltr'>gesta</span> <span class='ocrx_word' id='word_1_142' title='bbox 881 3171 955 3220; x_wconf 86' lang='lat' dir='ltr'>esse</span> <span class='ocrx_word' id='word_1_143' title='bbox 979 3173 1062 3219; x_wconf 89' lang='lat' dir='ltr'>cum</span> <span class='ocrx_word' id='word_1_144' title='bbox 1089 3146 1341 3246; x_wconf 80' lang='lat' dir='ltr'>Allobrogibus</span> 
     </span>
     <span class='ocr_line' id='line_1_22' title="bbox 266 3264 1340 3366; baseline 0.004 -28"><span class='ocrx_word' id='word_1_145' title='bbox 266 3266 517 3366; x_wconf 84' lang='lat' dir='ltr'>Helvetiisque.</span> <span class='ocrx_word' id='word_1_146' title='bbox 582 3264 654 3337; x_wconf 87' lang='lat' dir='ltr'>Cfr.</span> <span class='ocrx_word' id='word_1_147' title='bbox 690 3265 912 3340; x_wconf 82' lang='lat' dir='ltr'>Baumstark.</span> <span class='ocrx_word' id='word_1_148' title='bbox 949 3297 983 3364; x_wconf 89' lang='lat' dir='ltr'>p.</span> <span class='ocrx_word' id='word_1_149' title='bbox 1010 3267 1141 3339; x_wconf 85' lang='lat' dir='ltr'>XXIII</span> <span class='ocrx_word' id='word_1_150' title='bbox 1176 3267 1340 3342; x_wconf 84' lang='lat' dir='ltr'>editionis</span> 
     </span>
    </p>
   </div>
   <div class='ocr_carea' id='block_1_5' title="bbox 266 3383 797 3490">
    <p class='ocr_par' dir='ltr' id='par_1_6' title="bbox 266 3383 797 3490">
     <span class='ocr_line' id='line_1_23' title="bbox 266 3383 797 3490; baseline -0.013 -27"><span class='ocrx_word' id='word_1_151' title='bbox 266 3415 380 3490; x_wconf 76' lang='lat' dir='ltr'><strong>quam</strong></span> <span class='ocrx_word' id='word_1_152' title='bbox 403 3387 537 3460; x_wconf 78' lang='lat' dir='ltr'>curavit</span> <span class='ocrx_word' id='word_1_153' title='bbox 562 3383 797 3459; x_wconf 77' lang='lat' dir='ltr'>Caesarianae.</span> 
     </span>
    </p>
   </div>
   <div class='ocr_carea' id='block_1_6' title="bbox 0 0 1526 5150">
    <p class='ocr_par' dir='ltr' id='par_1_7' title="bbox 0 0 1526 5150">
     <span class='ocr_line' id='line_1_24' title="bbox 0 0 1526 5150; baseline 0 2"><span class='ocrx_word' id='word_1_154' title='bbox 0 0 1526 5150; x_wconf 95' lang='lat' dir='ltr'> </span> 
     </span>
    </p>
   </div>
  </div>
 </body>
</html>
