3044 5150
292 594 343 670 tt

292 786 427 866 iectura
450 785 612 886 quamvis
631 813 651 861 a
669 783 886 858 Rulrulrenio
911 785 994 858 inde
1019 787 1181 881 vulgatae
1194 786 1374 862 'lectionis'

291 907 402 980 instar
419 905 457 980 in
480 933 606 980 omues
628 903 806 978 transierit
825 902 1010 997 editiones,
1033 928 1112 976 mea
1129 901 1275 1002 quidem
1293 933 1376 980 sen·

291 1028 400 1103 tentia
427 1023 618 1100 reiicienda
643 1043 705 1094 est.

398 1158 528 1257 Neque
557 1154 652 1226 enirn
681 1153 740 1227 hic
766 1182 857 1254 opus
890 1177 943 1230 est
972 1159 1083 1231 verbo
1116 1158 1236 1254 aliquo
1268 1155 1372 1257 quod

290 1281 478 1352 translatae
526 1273 633 1344 alicui
682 1273 857 1347 locutioni
897 1275 1113 1369 intercedat,
1163 1279 1372 1376 optimeque

289 1394 473 1471 Ciceronis
506 1390 615 1464 caede
643 1393 786 1466 satiatus
808 1393 938 1468 dicitur
964 1398 1165 1491 Antonius3
1200 1400 1258 1472 vix
1283 1399 1374 1472 ferri

286 1535 402 1616 potest
425 1513 577 1588 verbum
615 1540 641 1586 s.
671 1519 783 1610 quasi
812 1543 839 1589 s.
870 1516 992 1616 (quod
1015 1517 1113 1589 idem
1139 1527 1213 1608 est)
1242 1522 1366 1590 veluti.

286 1633 423 1710 Eadem
458 1632 592 1710 ratione
629 1677 681 1696 -.-
719 1659 827 1733 quem
861 1637 983 1711 locum
1014 1638 1124 1737 ipsius
1158 1637 1361 1711 Ruhnkenii

288 1752 474 1828 doctrinae
503 1750 619 1828 debeo
648 1794 693 1808 -
728 1753 868 1828 Livius:
897 1783 990 1850 „nec
1015 1762 1198 1845 satiatus,
1233 1757 1361 1857 inquit,

284 1879 455 1948 virorum
468 1899 595 1968 poena
613 1875 820 1970 insepultos
833 1881 1034 1973 proiecit.“
1084 1877 1205 1980 Atque
1225 1879 1264 1952 in
1289 1875 1366 1948 uni·

286 2021 430 2071 versum
472 1993 588 2065 multo
626 1994 738 2066 rarius
778 2023 887 2094 quam
915 1998 1024 2097 vulgo
1055 2001 1098 2070 ab
1137 2000 1180 2072 iis
1211 2001 1273 2099 qui
1301 1998 1367 2070 ho-

284 2116 344 2192 die
366 2114 472 2187 latine
497 2114 656 2188 scribunt
677 2117 757 2187 fieri
778 2117 870 2190 solet
893 2140 1029 2192 veteres
1052 2122 1239 2192 utebantur
1263 2136 1367 2194 voca'·

228 2326 231 2334 ¹
286 2234 382 2308 bulis
412 2235 543 2330 quasi,
576 2235 694 2302 veluti
702 2271 717 2323 ‚·
747 2234 844 2329 aliis,
871 2237 1006 2337 quippe
1033 2267 1125 2339 quae
1157 2239 1278 2341 frigidi
1305 2240 1367 2313 ali-

284 2359 374 2458 quid
401 2352 594 2462 ignavique
620 2354 807 2428 effundant
829 2359 980 2432 orationi
998 2361 1068 2454 ²⁶).

292 2517 296 2524 '
381 2505 628 2592 Quamobrem
679 2497 858 2576 vocabulo
911 2505 1015 2574 velut
1064 2504 1226 2602 ablegato
1275 2501 1367 2576 haec

283 2624 420 2700 suadeo
439 2629 621 2728 legantur:
1136 2697 1138 2702 .

334 2736 340 2744 ⁵
389 2745 587 2847 „Utrique
635 2752 805 2822 vindicta
841 2747 1029 2818 libertatis
1076 2757 1198 2815 morte
1239 2745 1366 2815 stetit:

389 2874 460 2940 sed
479 2872 621 2943 tribuni
647 2871 833 2965 sanguine
855 2868 1054 2952 commissa
1073 2864 1250 2963 (inepta)
1267 2890 1365 2960 pro-

388 2993 544 3087 scriptio
575 2991 767 3061 Ciceronis
797 2998 997 3062 interitu
1027 2987 1169 3056 satiato
1193 2983 1364 3054 Antonio

380 3133 510 3200 paene
520 3111 684 3199 finita.“

280 3223 462 3297 Voculam
491 3240 533 3297 ut
556 3228 656 3323 (vel)
682 3227 712 3299 si
742 3251 815 3298 nou
842 3229 1018 3318 interitu,
1061 3223 1125 3297 sed
1151 3228 1267 3296 caede
1289 3249 1365 3296 esse

280 3344 498 3439 contendas,
526 3346 618 3418 nihil
638 3373 785 3453 ‘moror3
806 3344 917 3418 modo
942 3345 1153 3419 alterutrum
1177 3344 1318 3418 scribas.

359 3485 498 3559 Gratias
520 3515 667 3586 agamus
683 3486 823 3560 Orellio
845 3487 906 3586 qui
928 3484 1051 3558 codice
1071 3483 1363 3565 Amerbachiano

278 3607 416 3704 publici
446 3608 534 3681 iuris
567 3608 747 3701 facto‚·a
782 3609 936 3681 molesto
964 3607 1028 3678 illo
1059 3635 1090 3678 v.
1116 3632 1248 3702 poena
1293 3631 1363 3678 nos

278 3727 446 3800 liberarit.

376 3845 497 3921 Restat
520 3869 560 3920 ut
586 3847 716 3922 addam
739 3847 890 3950 septimo
912 3845 1059 3947 quidem
1083 3867 1117 3919 et
1141 3845 1360 3944 sexagesimo

278 3966 390 4062 capite
418 3969 613 4042 rectissime
639 3970 711 4068 legi
743 3972 876 4063 „velut
914 3971 954 4038 in
980 3972 1109 4040 dotem
1133 3970 1361 4039 invitamen-

277 4098 431 4182 tumqtte
456 4091 607 4162 sceleris
618 4101 645 4134 “
676 4090 809 4190 quippe
839 4088 1042 4161 inusitatior
1076 4109 1126 4166 est
1155 4087 1362 4182 translati03

252 4357 256 4368 ¹
319 4291 370 4368 ²⁸)
401 4297 569 4353 Conferatur
594 4291 736 4355 Hundius
766 4299 940 4367 „Lehrbucb
972 4301 1019 4353 alea
1052 4299 1234 4356 lateinischen
1265 4298 1361 4352 saw

400 4404 425 4468 S·
444 4403 491 4460 56.
520 4422 544 4472 p-
558 4406 628 4462 286.
