<?xml version="1.0" encoding="UTF-8"?>
<!DOCTYPE html PUBLIC "-//W3C//DTD XHTML 1.0 Transitional//EN"
    "http://www.w3.org/TR/xhtml1/DTD/xhtml1-transitional.dtd">
<html xmlns="http://www.w3.org/1999/xhtml" xml:lang="en" lang="en">
 <head>
  <title>
</title>
<meta http-equiv="Content-Type" content="text/html;charset=utf-8" />
  <meta name='ocr-system' content='tesseract 3.04.00' />
  <meta name='ocr-capabilities' content='ocr_page ocr_carea ocr_par ocr_line ocrx_word'/>
</head>
<body>
  <div class='ocr_page' id='page_1' title='image "./locivelleiani00laurgoog_0031.png"; bbox 0 0 3044 5150; ppageno 0'>
   <div class='ocr_carea' id='block_1_1' title="bbox 268 618 291 686">
    <p class='ocr_par' dir='ltr' id='par_1_1' title="bbox 268 618 291 686">
     <span class='ocr_line' id='line_1_1' title="bbox 268 618 291 686; baseline 0 0"><span class='ocrx_word' id='word_1_1' title='bbox 268 618 291 686; x_wconf 81' lang='lat'><em>2</em></span> 
     </span>
    </p>
   </div>
   <div class='ocr_carea' id='block_1_2' title="bbox 250 795 1458 4502">
    <p class='ocr_par' dir='ltr' id='par_1_2' title="bbox 273 795 1345 1378">
     <span class='ocr_line' id='line_1_2' title="bbox 273 795 1343 898; baseline 0.003 -28"><span class='ocrx_word' id='word_1_2' title='bbox 273 795 462 871; x_wconf 86' lang='lat' dir='ltr'><strong>Velleiano</strong></span> <span class='ocrx_word' id='word_1_3' title='bbox 487 799 605 872; x_wconf 90' lang='lat' dir='ltr'><strong>solum</strong></span> <span class='ocrx_word' id='word_1_4' title='bbox 628 795 798 898; x_wconf 90' lang='lat' dir='ltr'><strong>quodque</strong></span> <span class='ocrx_word' id='word_1_5' title='bbox 828 797 881 868; x_wconf 90' lang='lat' dir='ltr'><strong>illi</strong></span> <span class='ocrx_word' id='word_1_6' title='bbox 907 799 1088 872; x_wconf 80' lang='lat' dir='ltr'><strong>antecessit</strong></span> <span class='ocrx_word' id='word_1_7' title='bbox 1108 799 1249 890; x_wconf 84' lang='lat' dir='ltr'><strong>secu10,</strong></span> <span class='ocrx_word' id='word_1_8' title='bbox 1280 799 1343 874; x_wconf 87' lang='lat' dir='ltr'><strong>sed</strong></span> 
     </span>
     <span class='ocr_line' id='line_1_3' title="bbox 275 917 1343 994; baseline 0.002 -5"><span class='ocrx_word' id='word_1_9' title='bbox 275 917 394 990; x_wconf 91' lang='lat' dir='ltr'><strong>multis</strong></span> <span class='ocrx_word' id='word_1_10' title='bbox 422 917 528 990; x_wconf 87' lang='lat' dir='ltr'><strong>ctiam</strong></span> <span class='ocrx_word' id='word_1_11' title='bbox 553 918 680 992; x_wconf 89' lang='lat' dir='ltr'><strong>seculis</strong></span> <span class='ocrx_word' id='word_1_12' title='bbox 708 937 789 990; x_wconf 81' lang='lat' dir='ltr'><strong>ante</strong></span> <span class='ocrx_word' id='word_1_13' title='bbox 810 920 1023 992; x_wconf 85' lang='lat' dir='ltr'><strong>floruerunt.</strong></span> <span class='ocrx_word' id='word_1_14' title='bbox 1085 917 1224 993; x_wconf 89' lang='lat' dir='ltr'><strong>Laudat</strong></span> <span class='ocrx_word' id='word_1_15' title='bbox 1248 921 1343 994; x_wconf 89' lang='lat' dir='ltr'><strong>enim</strong></span> 
     </span>
     <span class='ocr_line' id='line_1_4' title="bbox 274 1035 1345 1141; baseline -0.003 -29"><span class='ocrx_word' id='word_1_16' title='bbox 274 1037 516 1140; x_wconf 81' lang='lat' dir='ltr'><strong>Aeschylum,</strong></span> <span class='ocrx_word' id='word_1_17' title='bbox 551 1035 789 1138; x_wconf 85' lang='lat' dir='ltr'>Sophoclem,</span> <span class='ocrx_word' id='word_1_18' title='bbox 820 1035 1049 1135; x_wconf 85' lang='lat' dir='ltr'>Euripidem,</span> <span class='ocrx_word' id='word_1_19' title='bbox 1089 1058 1345 1141; x_wconf 83' lang='lat' dir='ltr'><strong>commemorat</strong></span> 
     </span>
     <span class='ocr_line' id='line_1_5' title="bbox 276 1155 1345 1252; baseline 0.001 -23"><span class='ocrx_word' id='word_1_20' title='bbox 276 1156 482 1250; x_wconf 86' lang='lat' dir='ltr'><strong>Caecilium,</strong></span> <span class='ocrx_word' id='word_1_21' title='bbox 505 1155 727 1252; x_wconf 89' lang='lat' dir='ltr'><strong>Terentium,</strong></span> <span class='ocrx_word' id='word_1_22' title='bbox 748 1156 950 1251; x_wconf 86' lang='lat' dir='ltr'><strong>Afranium,</strong></span> <span class='ocrx_word' id='word_1_23' title='bbox 969 1157 1110 1232; x_wconf 89' lang='lat' dir='ltr'><strong>duobus</strong></span> <span class='ocrx_word' id='word_1_24' title='bbox 1129 1158 1204 1230; x_wconf 85' lang='lat' dir='ltr'><strong>fere</strong></span> <span class='ocrx_word' id='word_1_25' title='bbox 1219 1157 1345 1231; x_wconf 89' lang='lat' dir='ltr'><strong>seculis</strong></span> 
     </span>
     <span class='ocr_line' id='line_1_6' title="bbox 275 1275 657 1378; baseline 0 -28"><span class='ocrx_word' id='word_1_26' title='bbox 275 1279 464 1378; x_wconf 89' lang='lat' dir='ltr'><strong>semetipso</strong></span> <span class='ocrx_word' id='word_1_27' title='bbox 494 1275 657 1350; x_wconf 89' lang='lat' dir='ltr'><strong>maiores.</strong></span> 
     </span>
    </p>

    <p class='ocr_par' dir='ltr' id='par_1_3' title="bbox 275 1392 1399 2214">
     <span class='ocr_line' id='line_1_7' title="bbox 352 1392 1346 1494; baseline -0.004 -26"><span class='ocrx_word' id='word_1_28' title='bbox 352 1397 560 1469; x_wconf 82' lang='lat' dir='ltr'><strong>Rectissime</strong></span> <span class='ocrx_word' id='word_1_29' title='bbox 590 1395 699 1494; x_wconf 90' lang='lat' dir='ltr'><strong>igitur</strong></span> <span class='ocrx_word' id='word_1_30' title='bbox 734 1421 754 1467; x_wconf 87' lang='lat' dir='ltr'><strong>a</strong></span> <span class='ocrx_word' id='word_1_31' title='bbox 786 1394 1002 1469; x_wconf 87' lang='lat' dir='ltr'><strong>Ruhnkenio</strong></span> <span class='ocrx_word' id='word_1_32' title='bbox 1038 1392 1194 1468; x_wconf 84' lang='lat' dir='ltr'>discessit</span> <span class='ocrx_word' id='word_1_33' title='bbox 1226 1393 1346 1468; x_wconf 86' lang='lat' dir='ltr'><strong>Krau-</strong></span> 
     </span>
     <span class='ocr_line' id='line_1_8' title="bbox 275 1512 1345 1614; baseline -0.002 -26"><span class='ocrx_word' id='word_1_34' title='bbox 275 1517 488 1607; x_wconf 83' lang='lat' dir='ltr'><strong>siusV.D.,</strong></span> <span class='ocrx_word' id='word_1_35' title='bbox 515 1517 552 1588; x_wconf 91' lang='lat' dir='ltr'><strong>in</strong></span> <span class='ocrx_word' id='word_1_36' title='bbox 582 1541 624 1589; x_wconf 90' lang='lat' dir='ltr'><strong>eo</strong></span> <span class='ocrx_word' id='word_1_37' title='bbox 645 1537 763 1588; x_wconf 77' lang='lat' dir='ltr'><strong>umen</strong></span> <span class='ocrx_word' id='word_1_38' title='bbox 790 1513 1067 1613; x_wconf 80' lang='lat' dir='ltr'><strong>vituperandus,</strong></span> <span class='ocrx_word' id='word_1_39' title='bbox 1093 1512 1192 1614; x_wconf 91' lang='lat' dir='ltr'><strong>quod</strong></span> <span class='ocrx_word' id='word_1_40' title='bbox 1214 1513 1345 1612; x_wconf 87' lang='lat' dir='ltr'><strong>etipse</strong></span> 
     </span>
     <span class='ocr_line' id='line_1_9' title="bbox 277 1633 1345 1737; baseline -0.001 -29"><span class='ocrx_word' id='word_1_41' title='bbox 277 1661 366 1737; x_wconf 89' lang='lat' dir='ltr'><strong>qnae</strong></span> <span class='ocrx_word' id='word_1_42' title='bbox 390 1635 585 1729; x_wconf 85' lang='lat' dir='ltr'><strong>invenerit,</strong></span> <span class='ocrx_word' id='word_1_43' title='bbox 619 1634 777 1736; x_wconf 87' lang='lat' dir='ltr'><strong>quamvis</strong></span> <span class='ocrx_word' id='word_1_44' title='bbox 800 1633 1070 1708; x_wconf 83' lang='lat' dir='ltr'><strong>Ruhnkenianis</strong></span> <span class='ocrx_word' id='word_1_45' title='bbox 1099 1633 1158 1708; x_wconf 89' lang='lat' dir='ltr'><strong>vix</strong></span> <span class='ocrx_word' id='word_1_46' title='bbox 1186 1634 1345 1728; x_wconf 84' lang='lat' dir='ltr'><strong>meliora,</strong></span> 
     </span>
     <span class='ocr_line' id='line_1_10' title="bbox 275 1751 1399 1856; baseline -0.003 -27"><span class='ocrx_word' id='word_1_47' title='bbox 275 1755 312 1829; x_wconf 92' lang='lat' dir='ltr'><strong>in</strong></span> <span class='ocrx_word' id='word_1_48' title='bbox 337 1775 473 1828; x_wconf 82' lang='lat' dir='ltr'><strong>textum</strong></span> <span class='ocrx_word' id='word_1_49' title='bbox 497 1755 654 1856; x_wconf 88' lang='lat' dir='ltr'><strong>recipere</strong></span> <span class='ocrx_word' id='word_1_50' title='bbox 678 1780 753 1827; x_wconf 91' lang='lat' dir='ltr'><strong>non</strong></span> <span class='ocrx_word' id='word_1_51' title='bbox 779 1751 959 1826; x_wconf 84' lang='lat' dir='ltr'><strong>dubitarit.</strong></span> <span class='ocrx_word' id='word_1_52' title='bbox 1014 1752 1108 1826; x_wconf 89' lang='lat' dir='ltr'>Mihi</span> <span class='ocrx_word' id='word_1_53' title='bbox 1125 1754 1234 1842; x_wconf 88' lang='lat' dir='ltr'><strong>enim,</strong></span> <span class='ocrx_word' id='word_1_54' title='bbox 1256 1781 1346 1853; x_wconf 88' lang='lat' dir='ltr'><strong>qnae</strong></span> <span class='ocrx_word' id='word_1_55' title='bbox 1396 1751 1399 1756; x_wconf 45' lang='lat'><strong>⁴</strong></span> 
     </span>
     <span class='ocr_line' id='line_1_11' title="bbox 275 1871 1346 1976; baseline -0.003 -29"><span class='ocrx_word' id='word_1_56' title='bbox 275 1875 427 1976; x_wconf 80' lang='lat' dir='ltr'><strong>profert:</strong></span> <span class='ocrx_word' id='word_1_57' title='bbox 453 1874 680 1969; x_wconf 87' lang='lat' dir='ltr'><strong>„recedentis</strong></span> <span class='ocrx_word' id='word_1_58' title='bbox 706 1874 743 1946; x_wconf 92' lang='lat' dir='ltr'><strong>in</strong></span> <span class='ocrx_word' id='word_1_59' title='bbox 773 1871 956 1973; x_wconf 80' lang='lat' dir='ltr'><strong>quoddam</strong></span> <span class='ocrx_word' id='word_1_60' title='bbox 988 1874 1178 1946; x_wconf 83' lang='lat' dir='ltr'><strong>seculum“</strong></span> <span class='ocrx_word' id='word_1_61' title='bbox 1206 1874 1346 1946; x_wconf 92' lang='lat' dir='ltr'><strong>nullum</strong></span> 
     </span>
     <span class='ocr_line' id='line_1_12' title="bbox 276 1990 1348 2090; baseline -0.002 -24"><span class='ocrx_word' id='word_1_62' title='bbox 276 1992 412 2066; x_wconf 89' lang='lat' dir='ltr'><strong>nedum</strong></span> <span class='ocrx_word' id='word_1_63' title='bbox 437 1993 571 2066; x_wconf 92' lang='lat' dir='ltr'><strong>iustum</strong></span> <span class='ocrx_word' id='word_1_64' title='bbox 598 2018 742 2065; x_wconf 88' lang='lat' dir='ltr'><strong>sensum</strong></span> <span class='ocrx_word' id='word_1_65' title='bbox 762 1993 933 2090; x_wconf 89' lang='lat' dir='ltr'><strong>praehere</strong></span> <span class='ocrx_word' id='word_1_66' title='bbox 959 1990 1136 2066; x_wconf 82' lang='lat' dir='ltr'><strong>videntur.</strong></span> <span class='ocrx_word' id='word_1_67' title='bbox 1198 1991 1271 2064; x_wconf 89' lang='lat' dir='ltr'><strong>Sed</strong></span> <span class='ocrx_word' id='word_1_68' title='bbox 1295 1993 1348 2064; x_wconf 91' lang='lat' dir='ltr'><strong>sui</strong></span> 
     </span>
     <span class='ocr_line' id='line_1_13' title="bbox 277 2109 1297 2214; baseline -0.001 -29"><span class='ocrx_word' id='word_1_69' title='bbox 277 2114 406 2214; x_wconf 88' lang='lat' dir='ltr'><strong>cuique</strong></span> <span class='ocrx_word' id='word_1_70' title='bbox 431 2113 533 2186; x_wconf 88' lang='lat' dir='ltr'><strong>liberi</strong></span> <span class='ocrx_word' id='word_1_71' title='bbox 561 2112 634 2185; x_wconf 89' lang='lat' dir='ltr'><strong>cari</strong></span> <span class='ocrx_word' id='word_1_72' title='bbox 661 2132 697 2183; x_wconf 88' lang='lat' dir='ltr'><strong>et</strong></span> <span class='ocrx_word' id='word_1_73' title='bbox 721 2111 867 2183; x_wconf 84' lang='lat' dir='ltr'><strong>sortasse</strong></span> <span class='ocrx_word' id='word_1_74' title='bbox 889 2109 985 2183; x_wconf 90' lang='lat' dir='ltr'><strong>idem</strong></span> <span class='ocrx_word' id='word_1_75' title='bbox 1006 2112 1125 2191; x_wconf 86' lang='lat' dir='ltr'><strong>inme</strong></span> <span class='ocrx_word' id='word_1_76' title='bbox 1151 2111 1297 2186; x_wconf 88' lang='lat' dir='ltr'><strong>dicetur.</strong></span> 
     </span>
    </p>

    <p class='ocr_par' dir='ltr' id='par_1_4' title="bbox 250 2215 1458 4502">
     <span class='ocr_line' id='line_1_14' title="bbox 345 2215 1345 2308; baseline -0.004 0"><span class='ocrx_word' id='word_1_77' title='bbox 345 2235 429 2308; x_wconf 84' lang='lat' dir='ltr'><strong>Alia</strong></span> <span class='ocrx_word' id='word_1_78' title='bbox 456 2235 554 2308; x_wconf 92' lang='lat' dir='ltr'><strong>enim</strong></span> <span class='ocrx_word' id='word_1_79' title='bbox 579 2232 667 2304; x_wconf 90' lang='lat' dir='ltr'><strong>mihi</strong></span> <span class='ocrx_word' id='word_1_80' title='bbox 694 2234 733 2305; x_wconf 93' lang='lat' dir='ltr'><strong>in</strong></span> <span class='ocrx_word' id='word_1_81' title='bbox 766 2253 921 2306; x_wconf 90' lang='lat' dir='ltr'><strong>mentem</strong></span> <span class='ocrx_word' id='word_1_82' title='bbox 948 2252 1128 2308; x_wconf 83' lang='lat' dir='ltr'><strong>venerunt.</strong></span> <span class='ocrx_word' id='word_1_83' title='bbox 1189 2215 1345 2304; x_wconf 85' lang='lat' dir='ltr'><strong>Primum</strong></span> 
     </span>
     <span class='ocr_line' id='line_1_15' title="bbox 276 2352 1347 2454; baseline -0.003 -25"><span class='ocrx_word' id='word_1_84' title='bbox 276 2356 438 2429; x_wconf 90' lang='lat' dir='ltr'><strong>omnium</strong></span> <span class='ocrx_word' id='word_1_85' title='bbox 458 2381 501 2428; x_wconf 84' lang='lat' dir='ltr'><strong>ex</strong></span> <span class='ocrx_word' id='word_1_86' title='bbox 541 2355 649 2427; x_wconf 89' lang='lat' dir='ltr'><strong>altera</strong></span> <span class='ocrx_word' id='word_1_87' title='bbox 683 2353 929 2453; x_wconf 89' lang='lat' dir='ltr'><strong>praecedentis</strong></span> <span class='ocrx_word' id='word_1_88' title='bbox 970 2355 1092 2454; x_wconf 89' lang='lat' dir='ltr'><strong>capitis</strong></span> <span class='ocrx_word' id='word_1_89' title='bbox 1127 2352 1347 2454; x_wconf 83' lang='lat' dir='ltr'><strong>paragrapho</strong></span> 
     </span>
     <span class='ocr_line' id='line_1_16' title="bbox 276 2473 1348 2576; baseline -0.002 -28"><span class='ocrx_word' id='word_1_90' title='bbox 276 2494 433 2568; x_wconf 87' lang='lat' dir='ltr'><strong>constat,</strong></span> <span class='ocrx_word' id='word_1_91' title='bbox 465 2474 649 2547; x_wconf 90' lang='lat' dir='ltr'><strong>Velleinm</strong></span> <span class='ocrx_word' id='word_1_92' title='bbox 674 2475 813 2566; x_wconf 84' lang='lat' dir='ltr'><strong>mirari,</strong></span> <span class='ocrx_word' id='word_1_93' title='bbox 851 2473 951 2576; x_wconf 91' lang='lat' dir='ltr'><strong>quod</strong></span> <span class='ocrx_word' id='word_1_94' title='bbox 981 2474 1257 2548; x_wconf 88' lang='lat' dir='ltr'><strong>eminentissima</strong></span> <span class='ocrx_word' id='word_1_95' title='bbox 1287 2501 1348 2548; x_wconf 88' lang='lat' dir='ltr'><strong>cu·</strong></span> 
     </span>
     <span class='ocr_line' id='line_1_17' title="bbox 276 2592 1349 2694; baseline -0.002 -26"><span class='ocrx_word' id='word_1_96' title='bbox 276 2595 404 2694; x_wconf 87' lang='lat' dir='ltr'><strong>iusque</strong></span> <span class='ocrx_word' id='word_1_97' title='bbox 430 2592 658 2694; x_wconf 84' lang='lat' dir='ltr'><strong>professionis</strong></span> <span class='ocrx_word' id='word_1_98' title='bbox 679 2594 821 2694; x_wconf 85' lang='lat' dir='ltr'><strong>ingenia</strong></span> <span class='ocrx_word' id='word_1_99' title='bbox 842 2597 890 2668; x_wconf 89' lang='lat' dir='ltr'><strong>ita</strong></span> <span class='ocrx_word' id='word_1_100' title='bbox 914 2620 1056 2694; x_wconf 88' lang='lat' dir='ltr'><strong>semper</strong></span> <span class='ocrx_word' id='word_1_101' title='bbox 1080 2595 1254 2668; x_wconf 87' lang='lat' dir='ltr'><strong>similibus</strong></span> <span class='ocrx_word' id='word_1_102' title='bbox 1276 2619 1349 2668; x_wconf 88' lang='lat' dir='ltr'><strong>sese</strong></span> 
     </span>
     <span class='ocr_line' id='line_1_18' title="bbox 278 2705 1458 2814; baseline 0.002 -28"><span class='ocrx_word' id='word_1_103' title='bbox 278 2711 521 2814; x_wconf 82' lang='lat' dir='ltr'><strong>adiunxerint,</strong></span> <span class='ocrx_word' id='word_1_104' title='bbox 556 2735 597 2786; x_wconf 90' lang='lat' dir='ltr'><strong>ut</strong></span> <span class='ocrx_word' id='word_1_105' title='bbox 627 2714 754 2787; x_wconf 90' lang='lat' dir='ltr'><strong>eodem</strong></span> <span class='ocrx_word' id='word_1_106' title='bbox 781 2715 886 2814; x_wconf 89' lang='lat' dir='ltr'><strong>plane</strong></span> <span class='ocrx_word' id='word_1_107' title='bbox 918 2713 1030 2787; x_wconf 92' lang='lat' dir='ltr'><strong>modo</strong></span> <span class='ocrx_word' id='word_1_108' title='bbox 1066 2740 1191 2788; x_wconf 91' lang='lat' dir='ltr'><strong>omnes</strong></span> <span class='ocrx_word' id='word_1_109' title='bbox 1224 2713 1351 2788; x_wconf 89' lang='lat' dir='ltr'><strong>iisdem</strong></span> <span class='ocrx_word' id='word_1_110' title='bbox 1412 2733 1424 2774; x_wconf 84' lang='grc'><strong>“-</strong></span> <span class='ocrx_word' id='word_1_111' title='bbox 1454 2705 1458 2711; x_wconf 52' lang='grc'><strong><em>’</em></strong></span> 
     </span>
     <span class='ocr_line' id='line_1_19' title="bbox 277 2831 1352 2935; baseline 0 -27"><span class='ocrx_word' id='word_1_112' title='bbox 277 2831 404 2908; x_wconf 88' lang='lat' dir='ltr'><strong>studiis</strong></span> <span class='ocrx_word' id='word_1_113' title='bbox 436 2859 583 2934; x_wconf 87' lang='lat' dir='ltr'><strong>operam</strong></span> <span class='ocrx_word' id='word_1_114' title='bbox 619 2832 793 2910; x_wconf 87' lang='lat' dir='ltr'><strong>dederint.</strong></span> <span class='ocrx_word' id='word_1_115' title='bbox 857 2835 977 2934; x_wconf 83' lang='lat' dir='ltr'><strong>Atque</strong></span> <span class='ocrx_word' id='word_1_116' title='bbox 1013 2861 1096 2908; x_wconf 90' lang='lat' dir='ltr'><strong>sane</strong></span> <span class='ocrx_word' id='word_1_117' title='bbox 1129 2836 1352 2935; x_wconf 85' lang='lat' dir='ltr'><strong>praestantis·</strong></span> 
     </span>
     <span class='ocr_line' id='line_1_20' title="bbox 278 2953 1352 3056; baseline 0.002 -28"><span class='ocrx_word' id='word_1_118' title='bbox 278 2953 358 3028; x_wconf 88' lang='lat' dir='ltr'><strong>simi</strong></span> <span class='ocrx_word' id='word_1_119' title='bbox 384 2956 553 3056; x_wconf 90' lang='lat' dir='ltr'><strong>cuiusque</strong></span> <span class='ocrx_word' id='word_1_120' title='bbox 581 2957 716 3056; x_wconf 90' lang='lat' dir='ltr'><strong>ingenii</strong></span> <span class='ocrx_word' id='word_1_121' title='bbox 741 2983 813 3029; x_wconf 90' lang='lat' dir='ltr'><strong>esse</strong></span> <span class='ocrx_word' id='word_1_122' title='bbox 838 2955 996 3049; x_wconf 83' lang='lat' dir='ltr'><strong>videtur,</strong></span> <span class='ocrx_word' id='word_1_123' title='bbox 1038 2983 1177 3030; x_wconf 88' lang='lat' dir='ltr'><strong>summa</strong></span> <span class='ocrx_word' id='word_1_124' title='bbox 1202 2986 1286 3031; x_wconf 92' lang='lat' dir='ltr'><strong>cum</strong></span> <span class='ocrx_word' id='word_1_125' title='bbox 1310 2959 1352 3030; x_wconf 92' lang='lat' dir='ltr'><strong>li·</strong></span> 
     </span>
     <span class='ocr_line' id='line_1_21' title="bbox 277 3077 1351 3178; baseline -0.001 -28"><span class='ocrx_word' id='word_1_126' title='bbox 277 3077 411 3150; x_wconf 85' lang='lat' dir='ltr'><strong>bertate</strong></span> <span class='ocrx_word' id='word_1_127' title='bbox 440 3105 540 3150; x_wconf 91' lang='lat' dir='ltr'><strong>suam</strong></span> <span class='ocrx_word' id='word_1_128' title='bbox 574 3079 641 3152; x_wconf 88' lang='lat' dir='ltr'><strong>sibi</strong></span> <span class='ocrx_word' id='word_1_129' title='bbox 667 3079 760 3152; x_wconf 88' lang='lat' dir='ltr'><strong>viam</strong></span> <span class='ocrx_word' id='word_1_130' title='bbox 784 3079 941 3178; x_wconf 78' lang='lat' dir='ltr'><strong>aperire,</strong></span> <span class='ocrx_word' id='word_1_131' title='bbox 991 3098 1024 3150; x_wconf 88' lang='lat' dir='ltr'><strong>et</strong></span> <span class='ocrx_word' id='word_1_132' title='bbox 1058 3079 1169 3170; x_wconf 90' lang='lat' dir='ltr'><strong>subit,</strong></span> <span class='ocrx_word' id='word_1_133' title='bbox 1201 3077 1351 3176; x_wconf 90' lang='lat' dir='ltr'><strong>opinor,</strong></span> 
     </span>
     <span class='ocr_line' id='line_1_22' title="bbox 280 3194 1352 3297; baseline -0.002 -29"><span class='ocrx_word' id='word_1_134' title='bbox 280 3194 451 3297; x_wconf 91' lang='lat' dir='ltr'><strong>cuiusque</strong></span> <span class='ocrx_word' id='word_1_135' title='bbox 505 3195 667 3268; x_wconf 89' lang='lat' dir='ltr'><strong>animum.</strong></span> <span class='ocrx_word' id='word_1_136' title='bbox 716 3197 854 3287; x_wconf 87' lang='lat' dir='ltr'><strong>mirari,</strong></span> <span class='ocrx_word' id='word_1_137' title='bbox 907 3194 1007 3296; x_wconf 91' lang='lat' dir='ltr'><strong>quod</strong></span> <span class='ocrx_word' id='word_1_138' title='bbox 1057 3237 1105 3254; x_wconf 83' lang='lat'><em>-</em></span> <span class='ocrx_word' id='word_1_139' title='bbox 1156 3215 1197 3268; x_wconf 90' lang='lat' dir='ltr'><strong>ut</strong></span> <span class='ocrx_word' id='word_1_140' title='bbox 1235 3219 1352 3267; x_wconf 84' lang='lat' dir='ltr'><strong>exem·</strong></span> 
     </span>
     <span class='ocr_line' id='line_1_23' title="bbox 279 3312 1355 3416; baseline -0.001 -30"><span class='ocrx_word' id='word_1_141' title='bbox 279 3315 343 3416; x_wconf 91' lang='lat' dir='ltr'><strong>plo</strong></span> <span class='ocrx_word' id='word_1_142' title='bbox 374 3335 452 3388; x_wconf 90' lang='lat' dir='ltr'><strong>utar</strong></span> <span class='ocrx_word' id='word_1_143' title='bbox 482 3355 526 3370; x_wconf 93' lang='lat'><em>-</em></span> <span class='ocrx_word' id='word_1_144' title='bbox 557 3313 773 3414; x_wconf 88' lang='lat' dir='ltr'><strong>Aeschylus,</strong></span> <span class='ocrx_word' id='word_1_145' title='bbox 807 3313 1005 3414; x_wconf 85' lang='lat' dir='ltr'><strong>Sophocles</strong></span> <span class='ocrx_word' id='word_1_146' title='bbox 1037 3335 1072 3386; x_wconf 87' lang='lat' dir='ltr'><strong>et</strong></span> <span class='ocrx_word' id='word_1_147' title='bbox 1098 3315 1284 3416; x_wconf 88' lang='lat' dir='ltr'><strong>Euripides</strong></span> <span class='ocrx_word' id='word_1_148' title='bbox 1310 3312 1355 3386; x_wconf 92' lang='lat' dir='ltr'><strong>ad</strong></span> 
     </span>
     <span class='ocr_line' id='line_1_24' title="bbox 279 3433 1351 3535; baseline -0.002 -28"><span class='ocrx_word' id='word_1_149' title='bbox 279 3433 495 3532; x_wconf 90' lang='lat' dir='ltr'><strong>tragoediam</strong></span> <span class='ocrx_word' id='word_1_150' title='bbox 531 3435 681 3535; x_wconf 87' lang='lat' dir='ltr'><strong>quisquc</strong></span> <span class='ocrx_word' id='word_1_151' title='bbox 716 3434 874 3508; x_wconf 86' lang='lat' dir='ltr'><strong>animum</strong></span> <span class='ocrx_word' id='word_1_152' title='bbox 909 3434 1135 3534; x_wconf 90' lang='lat' dir='ltr'><strong>appulerint,</strong></span> <span class='ocrx_word' id='word_1_153' title='bbox 1172 3462 1286 3534; x_wconf 91' lang='lat' dir='ltr'><strong>quum</strong></span> <span class='ocrx_word' id='word_1_154' title='bbox 1316 3434 1351 3505; x_wconf 92' lang='lat' dir='ltr'><strong>in</strong></span> 
     </span>
     <span class='ocr_line' id='line_1_25' title="bbox 280 3550 1354 3659; baseline -0.004 -31"><span class='ocrx_word' id='word_1_155' title='bbox 280 3556 438 3659; x_wconf 90' lang='lat' dir='ltr'><strong>quolibet</strong></span> <span class='ocrx_word' id='word_1_156' title='bbox 466 3556 584 3657; x_wconf 88' lang='lat' dir='ltr'><strong>poesis</strong></span> <span class='ocrx_word' id='word_1_157' title='bbox 622 3581 751 3654; x_wconf 86' lang='lat' dir='ltr'><strong>genere</strong></span> <span class='ocrx_word' id='word_1_158' title='bbox 786 3575 820 3626; x_wconf 90' lang='lat' dir='ltr'><strong>et</strong></span> <span class='ocrx_word' id='word_1_159' title='bbox 849 3555 1047 3655; x_wconf 85' lang='lat' dir='ltr'><strong>Sophocles</strong></span> <span class='ocrx_word' id='word_1_160' title='bbox 1093 3577 1128 3629; x_wconf 89' lang='lat' dir='ltr'><strong>et</strong></span> <span class='ocrx_word' id='word_1_161' title='bbox 1165 3550 1354 3654; x_wconf 88' lang='lat' dir='ltr'><strong>Euripides</strong></span> 
     </span>
     <span class='ocr_line' id='line_1_26' title="bbox 281 3670 1355 3778; baseline -0.007 -28"><span class='ocrx_word' id='word_1_162' title='bbox 281 3678 486 3750; x_wconf 83' lang='lat' dir='ltr'><strong>excelsorus</strong></span> <span class='ocrx_word' id='word_1_163' title='bbox 515 3673 613 3749; x_wconf 90' lang='lat' dir='ltr'><strong>hand</strong></span> <span class='ocrx_word' id='word_1_164' title='bbox 644 3674 751 3747; x_wconf 92' lang='lat' dir='ltr'><strong>dubie</strong></span> <span class='ocrx_word' id='word_1_165' title='bbox 782 3675 1000 3778; x_wconf 88' lang='lat' dir='ltr'><strong>insignisque</strong></span> <span class='ocrx_word' id='word_1_166' title='bbox 1041 3674 1156 3748; x_wconf 84' lang='lat' dir='ltr'><strong>luerit.</strong></span> <span class='ocrx_word' id='word_1_167' title='bbox 1216 3670 1355 3744; x_wconf 90' lang='lat' dir='ltr'><strong>Deinde</strong></span> 
     </span>
     <span class='ocr_line' id='line_1_27' title="bbox 281 3791 1356 3899; baseline -0.007 -28"><span class='ocrx_word' id='word_1_168' title='bbox 281 3823 385 3899; x_wconf 86' lang='lat' dir='ltr'><strong>saepe</strong></span> <span class='ocrx_word' id='word_1_169' title='bbox 412 3825 454 3870; x_wconf 84' lang='lat' dir='ltr'><strong>ex</strong></span> <span class='ocrx_word' id='word_1_170' title='bbox 483 3797 672 3897; x_wconf 88' lang='lat' dir='ltr'><strong>semetipso</strong></span> <span class='ocrx_word' id='word_1_171' title='bbox 705 3821 742 3868; x_wconf 88' lang='lat' dir='ltr'><strong>se</strong></span> <span class='ocrx_word' id='word_1_172' title='bbox 777 3796 986 3896; x_wconf 83' lang='lat' dir='ltr'><strong>quaesivisse</strong></span> <span class='ocrx_word' id='word_1_173' title='bbox 1011 3815 1160 3870; x_wconf 89' lang='lat' dir='ltr'><strong>testatur</strong></span> <span class='ocrx_word' id='word_1_174' title='bbox 1182 3791 1356 3883; x_wconf 89' lang='lat' dir='ltr'><strong>Velleius,</strong></span> 
     </span>
     <span class='ocr_line' id='line_1_28' title="bbox 282 3913 1356 4017; baseline 0.001 -28"><span class='ocrx_word' id='word_1_175' title='bbox 282 3916 468 4017; x_wconf 92' lang='lat' dir='ltr'><strong>quomodo</strong></span> <span class='ocrx_word' id='word_1_176' title='bbox 490 3921 609 4011; x_wconf 89' lang='lat' dir='ltr'><strong>fieret,</strong></span> <span class='ocrx_word' id='word_1_177' title='bbox 641 3937 682 3989; x_wconf 89' lang='lat' dir='ltr'><strong>ut</strong></span> <span class='ocrx_word' id='word_1_178' title='bbox 709 3917 867 4017; x_wconf 84' lang='lat' dir='ltr'><strong>singulae</strong></span> <span class='ocrx_word' id='word_1_179' title='bbox 894 3916 1062 3988; x_wconf 92' lang='lat' dir='ltr'><strong>similium</strong></span> <span class='ocrx_word' id='word_1_180' title='bbox 1088 3913 1242 4014; x_wconf 89' lang='lat' dir='ltr'><strong>ideoque</strong></span> <span class='ocrx_word' id='word_1_181' title='bbox 1269 3938 1356 3990; x_wconf 87' lang='lat' dir='ltr'><strong>con.-</strong></span> 
     </span>
     <span class='ocr_line' id='line_1_29' title="bbox 280 4034 1356 4139; baseline -0.004 -27"><span class='ocrx_word' id='word_1_182' title='bbox 280 4034 489 4112; x_wconf 88' lang='lat' dir='ltr'><strong>iunctorum</strong></span> <span class='ocrx_word' id='word_1_183' title='bbox 520 4037 748 4139; x_wconf 88' lang='lat' dir='ltr'><strong>ingeniorum</strong></span> <span class='ocrx_word' id='word_1_184' title='bbox 782 4039 965 4112; x_wconf 83' lang='lat' dir='ltr'><strong>societates</strong></span> <span class='ocrx_word' id='word_1_185' title='bbox 997 4038 1247 4114; x_wconf 82' lang='lat' dir='ltr'><strong>brevissimum</strong></span> <span class='ocrx_word' id='word_1_186' title='bbox 1279 4058 1356 4108; x_wconf 86' lang='lat' dir='ltr'><strong>tan-</strong></span> 
     </span>
     <span class='ocr_line' id='line_1_30' title="bbox 282 4155 1358 4262; baseline -0.001 -33"><span class='ocrx_word' id='word_1_187' title='bbox 282 4177 362 4230; x_wconf 86' lang='lat' dir='ltr'><strong>tum</strong></span> <span class='ocrx_word' id='word_1_188' title='bbox 392 4161 560 4257; x_wconf 88' lang='lat' dir='ltr'><strong>temporis</strong></span> <span class='ocrx_word' id='word_1_189' title='bbox 594 4159 745 4262; x_wconf 90' lang='lat' dir='ltr'><strong>spatium</strong></span> <span class='ocrx_word' id='word_1_190' title='bbox 772 4155 1026 4257; x_wconf 78' lang='lat' dir='ltr'><strong>perdurarint?</strong></span> <span class='ocrx_word' id='word_1_191' title='bbox 1076 4157 1220 4234; x_wconf 87' lang='lat' dir='ltr'><strong>Putarat</strong></span> <span class='ocrx_word' id='word_1_192' title='bbox 1250 4159 1358 4244; x_wconf 91' lang='lat' dir='ltr'><strong>enim,</strong></span> 
     </span>
     <span class='ocr_line' id='line_1_31' title="bbox 284 4275 1358 4380; baseline -0.005 -29"><span class='ocrx_word' id='word_1_193' title='bbox 284 4275 384 4379; x_wconf 91' lang='lat' dir='ltr'><strong>quod</strong></span> <span class='ocrx_word' id='word_1_194' title='bbox 411 4277 519 4351; x_wconf 91' lang='lat' dir='ltr'><strong>semel</strong></span> <span class='ocrx_word' id='word_1_195' title='bbox 545 4276 730 4379; x_wconf 88' lang='lat' dir='ltr'><strong>inceptum</strong></span> <span class='ocrx_word' id='word_1_196' title='bbox 754 4299 844 4352; x_wconf 86' lang='lat' dir='ltr'><strong>esset</strong></span> <span class='ocrx_word' id='word_1_197' title='bbox 862 4279 1116 4380; x_wconf 83' lang='lat' dir='ltr'><strong>inventumque</strong></span> <span class='ocrx_word' id='word_1_198' title='bbox 1137 4279 1219 4352; x_wconf 87' lang='lat' dir='ltr'><strong>artis</strong></span> <span class='ocrx_word' id='word_1_199' title='bbox 1242 4275 1358 4348; x_wconf 88' lang='lat' dir='ltr'><strong>cuius·</strong></span> 
     </span>
     <span class='ocr_line' id='line_1_32' title="bbox 250 4385 1357 4502; baseline -0.003 -31"><span class='ocrx_word' id='word_1_200' title='bbox 250 4385 354 4502; x_wconf 80' lang='lat' dir='ltr'><strong>¹que</strong></span> <span class='ocrx_word' id='word_1_201' title='bbox 388 4395 629 4473; x_wconf 89' lang='lat' dir='ltr'><strong>doctrinaeve.</strong></span> <span class='ocrx_word' id='word_1_202' title='bbox 647 4425 782 4499; x_wconf 82' lang='lat' dir='ltr'><strong>genus,</strong></span> <span class='ocrx_word' id='word_1_203' title='bbox 809 4398 898 4474; x_wconf 91' lang='lat' dir='ltr'><strong>illud</strong></span> <span class='ocrx_word' id='word_1_204' title='bbox 930 4425 995 4498; x_wconf 89' lang='lat' dir='ltr'><strong>per</strong></span> <span class='ocrx_word' id='word_1_205' title='bbox 1027 4399 1150 4476; x_wconf 89' lang='lat' dir='ltr'><strong>omnia</strong></span> <span class='ocrx_word' id='word_1_206' title='bbox 1187 4394 1357 4497; x_wconf 86' lang='lat' dir='ltr'><strong>deinceps</strong></span> 
     </span>
    </p>
   </div>
   <div class='ocr_carea' id='block_1_3' title="bbox 0 0 1541 5150">
    <p class='ocr_par' dir='ltr' id='par_1_5' title="bbox 0 0 1541 5150">
     <span class='ocr_line' id='line_1_33' title="bbox 0 0 1541 5150; baseline 0 0"><span class='ocrx_word' id='word_1_207' title='bbox 0 0 1541 5150; x_wconf 95' lang='lat' dir='ltr'><strong> </strong></span> 
     </span>
    </p>
   </div>
  </div>
 </body>
</html>
