3048 5152
1224 593 1269 668 91

196 769 241 842 ad
263 773 449 845 arbitrium
477 799 552 846 non
581 778 738 871 direxit,
766 776 828 850 sed
846 785 1021 874 paravit.
1087 779 1185 855 Tum
1211 781 1271 856 de·

195 919 296 964 mum
328 921 440 994 quum
474 894 571 966 illam
609 896 805 994 fugientem
835 902 1093 1000 conspexisset,
1134 924 1169 975 es
1195 902 1293 1002 ipse

194 1013 357 1111 fugasse
384 1012 575 1087 mandavit.

294 1167 373 1240 Hac
411 1167 520 1265 igitur
554 1168 689 1242 ratione
723 1170 846 1243 locum
880 1197 899 1242 a
939 1171 1042 1244 nobis
1082 1192 1271 1249 tractatum

196 1287 485 1360 constituendum
507 1287 687 1362 ducimus:

301 1411 499 1504 „Fuitque
530 1411 570 1480 in
601 1408 786 1509 confessa,
822 1412 962 1482 milites
990 1413 1125 1506 optimi
1154 1417 1272 1510 impe·

299 1533 454 1617 ratoriS,
485 1532 759 1624 imperatorem
772 1528 1015 1626 fugacissimi
1034 1533 1168 1604 militis
1177 1538 1272 1628 fan·

301 1653 401 1719 etam
427 1653 530 1739 vice5
567 1661 609 1718 at
635 1649 801 1734 dubites,
842 1675 928 1736 saa,
962 1676 1015 1720 aa
1044 1651 1273 1747 Cleopatrae

301 1768 461 1839 arbitrio
494 1769 695 1838 victoriam
729 1780 1010 1863 temperaturas
1023 1773 1172 1863 suerit,
1200 1778 1274 1870 ‘qui

300 1891 357 1958 ad
379 1891 459 1961 eiua
475 1891 621 1984 sagam
643 1887 845 1960 arbitrium
868 1890 1007 1962 direxit
1027 1904 1177 1963 aarum

470 2274 727 2366 GAPU'!
767 2274 990 2373 unt

501 2445 567 2502 vat.
576 2445 617 2516 11,
628 2441 673 2502 ar.
685 2443 710 2500 1.
730 2441 960 2516 paosaorar.

270 2595 347 2672 „Aa
373 2595 544 2680 Cleopatra
570 2599 732 2678 frustratas
757 2593 934 2658 mutuata
959 2597 991 2656 in
1012 2595 1079 2657 lata
1097 2598 1213 2679 aspide
1239 2600 1271 2658 ta

187 2721 290 2763 morsa
305 2722 381 2764 sane
401 2704 467 2765 etus
482 2703 626 2783 spiritam
643 2699 817 2762 reddtdttf‘
857 2707 908 2760 Ed.
929 2722 969 2775 pr.
988 2725 1015 2776 p.
1028 2703 1078 2766 48.

668 2845 795 2868 “gu—.-

189 2946 405 3054 Subtimeus
422 2979 567 3078 quidem
584 2980 680 3052 hanc
698 3000 819 3052 tamen
839 2979 1033 3052 lectionem
1054 2980 1090 3052 iu
1113 2979 1270 3053 medium

189 3101 351 3202 proferre
374 3101 501 3174 ausim:

296 3221 390 3308 „At
415 3222 634 3318 Cleopatra,
659 3223 771 3291 illata
793 3222 929 3316 aspide
944 3225 1271 3308 immorsasanie

296 3345 377 3413 eius
402 3335 537 3437 expers
561 3341 755 3412 muliebris
783 3341 961 3434 spiritum
987 3343 1198 3413 reddidit.“

187 3484 351 3558 Verbum
374 3480 619 3556 immordendi
644 3480 749 3553 Statii
770 3477 977 3552 auctoritate
999 3481 1139 3573 nititur,
1167 3481 1229 3578 qui

294 3606 476 3675 immersa
483 3653 495 3687 ,
522 3599 663 3698 iuquit,
689 3602 829 3670 cadens
854 3598 1040 3668 obmutuit
1065 3599 1190 3668 hasta.

191 3738 319 3839 Neque
345 3739 608 3815 contemnenda
628 3738 718 3812 haec
738 3738 916 3836 Propertii
941 3739 982 3829 (l.
1002 3741 1073 3808 5et
1090 3740 1113 3807 6
1139 3763 1170 3811 v.
1190 3721 1269 3826 οὓς

297 3865 514 3954 „Immureo
562 3862 737 3956 aequalis
785 3861 943 3929 videant
987 3883 1073 3928 mea
1110 3861 1269 3930 vulnera

1133 3980 1268 4056 eolla.“

186 4120 415 4221 Quamquam
462 4120 534 4196 hoe
580 4145 722 4222 quoque
773 4119 856 4192 loco
900 4116 960 4188 alii
996 4117 1145 4217 legunt:
1196 4124 1268 4214 „in

66 4315 69 4321 ,
185 4246 341 4316 morso.“
397 4243 554 4336 Sanies,
595 4240 757 4341 quamvis
789 4264 832 4313 eo
864 4263 936 4336 quo
964 4238 1130 4314 volumus
1161 4263 1267 4312 seusu

185 4364 299 4461 poetis
348 4383 486 4438 tantum
537 4361 662 4460 (quod
712 4361 847 4458 sciam)
896 4359 1088 4451 usitatum,
1147 4381 1264 4433 tamen
