3048 5152
1179 599 1247 674 nt

179 788 282 860 cuius
315 787 422 861 verba
452 807 496 858 ex
526 786 651 860 codice
681 783 720 861 in
753 787 1008 862 annotationes·
1024 815 1103 862 suas
1136 812 1250 864 trans·

178 908 341 980 scribere.
392 905 567 1005 Exemplo
591 905 678 1002 quid
697 906 803 980 velim
828 907 1022 981 ostendam.

274 1025 403 1098 Beatus
438 1026 632 1101 Rhenanus
663 1029 702 1100 iu
730 1029 859 1128 pagina
889 1027 1054 1101 editionis
1082 1054 1166 1102 suec
1192 1055 1252 1126 sq,

178 1171 251 1242 tuq
285 1145 374 1218 haec
406 1147 585 1222 exhibuit:
624 1176 743 1247 neque
780 1152 933 1222 licentia
959 1151 1179 1244 gladiorum
1210 1151 1252 1221 in

176 1267 397 1336 mediocreis
436 1272 622 1340 saevitum
629 1298 645 1360 ,-
693 1267 741 1341 ad
781 1268 870 1342 haec
914 1270 1019 1342 verba
1061 1269 1255 1342 Bureriusz-

177 1438 200 1477 ,‚
208 1383 422 1481 Exemplar,
447 1387 583 1486 inquit,
609 1409 677 1462 vet
695 1387 803 1461 hebet
827 1413 943 1484 neque
965 1387 1106 1460 licentia
1127 1380 1250 1460 imme-

177 1499 292 1576 diocri
319 1505 521 1579 saevitum“
550 1509 625 1602 26).
685 1509 849 1604 Apparet
877 1531 1003 1579 vocem
1030 1510 1251 1601 gladiorum

176 1623 324 1695 omnino
349 1621 573 1694 retinendam
603 1647 677 1694 esse
702 1623 873 1719 nulloque
901 1623 1011 1696 modo
1038 1651 1108 1723 pro
1135 1625 1251 1724 expel-

176 1741 285 1814 leuda
305 1742 461 1815 habitam
491 1743 655 1816 Buterin.

275 1860 411 1934 Eadem
444 1880 560 1934 autem
583 1862 719 1936 ratione
741 1881 864 1935 -ut
888 1863 958 1936 iem
983 1889 1072 1964 quae
1099 1866 1251 1963 praemi·

176 1981 282 2054 serim
304 1983 454 2056 omnino
485 2008 559 2080 quo
583 1981 763 2054 tenderint
787 1982 934 2058 videntis
963 2025 1014 2040 -
1044 1982 1115 2056 hoc
1144 2010 1250 2081 quem

178 2101 284 2198 capiti
308 2101 516 2200 praescripsi
539 2101 621 2174 loco
648 2102 776 2174 iniuste
799 2103 871 2202 egit
895 2101 1153 2196 Ruhnkenius,
1183 2103 1251 2175 im-

175 2249 339 2320 pugnans
374 2221 589 2296 vocabulum
615 2221 778 2308 hostem,
815 2223 951 2322 quippe
980 2220 1079 2322 quod
1106 2222 1250 2296 minime

173 2339 418 2413 inducendum
432 2342 744 2416 statuatBurerius.
780 2343 955 2415 Attendas
972 2341 1081 2433 enim,
1104 2368 1250 2441 quaese,

174 2458 221 2534 ad
240 2460 335 2534 hanc
354 2461 495 2534 Buterii
519 2453 862 2535 annotatiunculam:
890 2517 916 2550 „
938 2465 1141 2534 Praesidia
1171 2489 1249 2532 mn-

112 2569 113 2572 *
174 2585 256 2674 „nit
279 2611 319 2652 se
344 2585 607 2678 magnitudine
626 2577 766 2674 saadsc.
805 2583 865 2656 Sic
887 2580 1082 2680 legendum
1108 2579 1256 2654 videtur

173 2729 414 2803 „quamquam
440 2731 487 2808 ex
519 2721 585 2777 vet.
614 2702 693 2777 cod.
727 2703 816 2774 nihil
856 2702 942 2773 certi
973 2701 1101 2774 coniici
1128 2721 1249 2798 queat:

173 2826 394 2916 ,praesidia
418 2827 548 2909 munit,
577 2843 622 2900 et
641 2851 680 2894 se
696 2827 957 2920 magnitudine
976 2851 1045 2895 sna
1063 2826 1249 2914 nonfida»

173 2942 258 3033 „cia
286 2947 442 3016 metiens
453 2956 480 2990 “
534 2945 694 3043 Apparet
721 2964 869 3042 propter
903 2943 1073 3014 omissum
1107 2968 1185 3017 voc.
1212 2954 1251 3012 et

174 3059 231 3130 illa
264 3063 442 3161 scripsisse
475 3061 685 3156 Buterium3
718 3063 936 3157 minimeque
967 3085 1050 3134 eum
1073 3086 1152 3134 vec.
1183 3063 1249 3132 lto-

172 3184 288 3253 stium
310 3182 490 3280 expellere
516 3205 697 3256 conatum.
761 3183 860 3256 Illud
891 3195 1027 3256 tantum
1057 3181 1171 3256 sicui
1199 3180 1250 3255 vi·

82 3378 91 3390 ‚
173 3301 299 3375 dentur
334 3303 595 3396 concedemus,
629 3303 843 3377 vocabultun
871 3307 1029 3376 metiens
1059 3323 1251 3400 exceptum

172 3422 317 3504 fortasse
345 3447 417 3494 esse
443 3449 463 3494 a
487 3449 565 3496 voc.
591 3424 767 3495 hostiam.
822 3423 1035 3522 Scripserim
1059 3423 1184 3520 igitur:

279 3597 303 3636 „
311 3545 482 3615 Mittitur
504 3586 556 3600 -
580 3547 701 3615 munit
708 3572 723 3634 ,·
751 3559 789 3614 et
818 3547 886 3639 2⁷)
917 3573 957 3614 se
986 3542 1249 3634 magnitudine

280 3686 370 3753 sua,
402 3687 479 3734 non
499 3664 653 3753 fidncia
691 3667 848 3736 metiens
884 3663 1070 3745 hostium,
1104 3661 1170 3754 qui
1197 3695 1249 3712 -·

280 3782 553 3854 minabantnr“

200 3945 256 4021 ¹⁶)
276 3909 370 4020 Neque
381 3951 494 4006 licentia
509 3953 667 4047 glndiprum
684 3951 713 4004 in
726 3951 871 4004 mediocris
890 3919 1033 4050 saevitum.
1075 3951 1162 4003 Docet
1174 3949 1247 4004 enim

272 4035 491 4172 lllll'rltll
492 4051 670 4173 iiiiii?
670 4034 1119 4172 llt¹¹t1llll⁸l¹¹ll³tl¹ll
1120 4051 1247 4173 ‘titt‘

272 4201 348 4253 vocis
365 4201 479 4269 positas.

195 4295 249 4379 ²⁷)
272 4303 351 4357 Nihil
368 4304 464 4372 video,
483 4323 531 4358 eur
549 4309 623 4358 recte
641 4322 659 4360 a
677 4305 812 4362 Rhenaue
836 4307 948 4361 exclusa
973 4305 1009 4359 sit
1035 4304 1143 4373 copule.
1186 4299 1246 4355 Vid.

271 4385 386 4445 Ruhnk.
408 4388 444 4441 ad
465 4388 495 4441 1ι.
516 4388 535 4441 Ι.
