3044 5150
1212 605 1257 688 51

287 801 486 896 ‚‚Tamen‚
515 801 650 901 inquit,
677 806 788 876 aliud
809 807 930 876 latere
954 805 1123 890 videtur,
1159 811 1264 904 quod

288 925 478 996 aetatiores
500 947 560 996 me
584 931 813 1018 quaeranl.“

179 1062 426 1150 Quamobrem
451 1062 481 1134 si
502 1062 682 1136 feliciores
708 1061 853 1136 dixisset
871 1061 1128 1154 Ruhnkenius‚
1157 1062 1260 1162 equi·

178 1180 263 1254 dem
303 1206 434 1252 nomen
471 1183 682 1280 profiterer,
724 1180 822 1281 quod
856 1208 969 1282 quum
1007 1181 1069 1254 ille
1105 1208 1141 1254 se
1175 1210 1258 1256 acu·

178 1301 286 1372 tiores
305 1300 531 1402 quaesiverit,
560 1301 619 1374 vix
646 1303 764 1374 ullum
783 1303 965 1396 facturum
987 1326 1061 1374 esse
1088 1301 1254 1400 putarim

177 1417 250 1491 Sed
285 1461 331 1475 -
366 1441 407 1492 ut
433 1419 570 1492 mittam
602 1423 768 1519 ambages
800 1465 852 1480 ·-
886 1419 977 1494 haec
1004 1420 1170 1517 equidem
1199 1422 1258 1496 io·

178 1565 279 1613 vem:

199 1651 207 1688 s
285 1677 465 1771 „Balbus
516 1679 713 1749 Cornelius
757 1679 834 1748 illie
881 1680 1121 1750 incrementis
1149 1680 1257 1772 fecit

286 1801 391 1870 viam
420 1795 554 1896 quibus
581 1823 656 1869 non
686 1801 726 1869 in
751 1800 949 1894 Hispania
971 1826 997 1872 a
1025 1801 1106 1872 cive
1129 1813 1255 1887 natas,

184 1917 187 1922 ’
285 1923 356 1990 ced
372 1917 611 2015 Hispanns,“

180 2055 290 2144 Quod
321 2058 446 2132 attinet
481 2057 527 2130 ad
559 2056 650 2130 illud
681 2058 762 2129 eive
794 2084 814 2128 a
848 2055 951 2133 nobis
978 2059 1114 2132 factum
1147 2084 1190 2132 ex
1224 2088 1254 2134 v.

177 2181 314 2268 Asiae,
343 2205 484 2254 arcesso
510 2175 751 2252 Godefridum
776 2178 954 2252 Abbatem
977 2177 1256 2256 Gottwicensem

177 2300 259 2402 qui:
302 2304 582 2394 „Permutata,
608 2299 744 2397 inquit,
771 2302 889 2373 etiam
916 2302 1128 2396 antiquitus
1151 2303 1189 2374 S.
1218 2315 1256 2394 et

180 2419 251 2492 C.“
306 2417 390 2492 Vid.
414 2446 451 2520 p.
473 2432 496 2494 4
521 2418 655 2492 Chion.
676 2418 843 2496 Gottwie

274 2619 347 2694 Sed
373 2619 496 2718 vidae,
537 2619 572 2693 in
604 2621 728 2694 similia
755 2622 825 2693 iam
858 2639 938 2694 ante
970 2647 1028 2692 me
1044 2621 1257 2695 'coniectura

176 2740 343 2816 incidisse
366 2742 641 2840 Hottingerum‚
664 2742 727 2841 qui
749 2762 868 2814 tamen
892 2760 927 2812 et
951 2742 1257 2842 praepositionem

176 2866 218 2935 in
247 2862 375 2955 omisit,
415 2884 450 2934 et
483 2878 526 2934 nt
565 2863 725 2960 scripsit,
766 2891 879 2961 quum
918 2882 1078 2933 nostrum
1113 2891 1138 2932 a
1175 2868 1256 2934 cive

176 2985 297 3082 paullo
325 2985 473 3084 propius
498 2983 643 3057 accedat
667 2983 720 3054 illi
745 2983 875 3055 Asiae.

278 3184 388 3275 Quod
409 3209 527 3263 autem
550 3187 597 3258 ad,
616 3185 827 3258 seutentiam
849 3183 921 3258 loci
945 3184 1077 3276 attinet,
1099 3205 1255 3284 apparet,

177 3309 333 3381 Balbum
372 3335 416 3380 ne
458 3327 571 3380 matre
608 3305 751 3403 quidem
788 3306 970 3397 Romana,
1004 3331 1121 3405 neque
1155 3324 1255 3405 patre

178 3428 362 3520 Romano,
410 3435 474 3499 setl
517 3419 724 3524 Hispanicis'
758 3425 961 3524 parentibus
1009 3426 1046 3496 in
1086 3426 1254 3523 Hispania

179 3567 299 3619 nanim
327 3547 408 3620 diei.
