3044 5150
1236 584 1259 658 7

184 777 279 878 ipsae
299 773 503 849 inimicitiae
525 795 792 868 exercerentur,
814 773 934 847 minor
957 794 1107 875 sequuta
1134 794 1256 850 aucto·

186 896 277 970 ritas.
347 895 491 970 Etenim
538 897 674 972 factum
718 891 813 972 illud
849 892 978 992 privati
1025 896 1134 994 magis
1169 894 1257 988 odii,

187 1042 292 1115 quam
312 1015 477 1116 publicae
504 1015 679 1090 vindictae
706 1041 780 1088 esse
807 1012 1001 1089 videbatur.

284 1135 339 1208 Dc
363 1159 450 1209 voce
484 1136 597 1229 actio,
631 1162 675 1210 co
706 1162 779 1236 quo
809 1134 916 1207 velim
947 1159 1054 1208 sensu
1077 1156 1257 1234 usurpata,

185 1253 274 1328 hacc
303 1253 419 1329 habco
450 1283 541 1356 quae
578 1261 725 1330 efferam
762 1254 943 1355 exempla:
996 1253 1153 1356 „Itaque
1191 1279 1259 1328 nec

184 1395 305 1474 aperta
331 1377 423 1449 actio
445 1401 565 1449 rerum
598 1377 741 1450 illarum
769 1374 962 1474 petulantia
990 1379 1124 1448 vacat.“
1182 1372 1257 1450 Cic.

186 1493 257 1568 Off.
274 1493 374 1570 155.
394 1535 444 1554 ·-
479 1551 502 1590 ,‚
511 1494 676 1596 Negatis,
697 1496 873 1568 actionem
891 1493 997 1568 ullius
1021 1496 1073 1568 rei
1093 1521 1197 1596 posse
1218 1495 1258 1568 in

185 1642 229 1688 co
254 1623 361 1689 esse.“
412 1615 484 1689 Cic.
500 1615 612 1690 Acad.
634 1642 667 1708 2,
687 1620 745 1687 55.
765 1617 844 1689 108.
873 1657 921 1672 -·

285 1733 397 1807 Vides
417 1754 545 1827 autem,
566 1759 644 1806 mea
667 1759 708 1806 cx
727 1732 899 1806 sententia
919 1733 1145 1834 participium
1164 1731 1259 1808 illud

187 1857 362 1950 quaesita
381 1880 454 1926 non
482 1854 600 1944 verbi,
631 1852 733 1954 quod
757 1853 989 1951 grammaticis
1010 1852 1161 1947 dicitur,
1195 1851 1260 1928 scd

187 1971 350 2048 adiectivi
366 1974 475 2046 instar
493 1973 696 2074 appositum
718 1999 794 2046 esse
812 1973 950 2044 nomini
965 1975 1193 2048 substantivo.
1211 2011 1260 2032 -

285 2095 342 2168 De
371 2094 488 2169 verbis
502 2096 681 2190 publicae
706 2097 897 2167 vindictae
924 2093 1124 2193 paullulum
1143 2095 1173 2164 ¹a
1202 2119 1259 2166 mc

187 2215 327 2288 mutatis
346 2215 405 2288 vix
428 2215 602 2316 estquod
625 2213 751 2288 dicam
807 2213 990 2289 Nimirum
1013 2215 1159 2314 publica
1183 2213 1261 2288 vin-

188 2335 281 2409 dicta
313 2336 452 2435 privato
482 2334 567 2408 odio
600 2336 780 2434 opposita,
814 2337 966 2409 verbum
990 2355 1131 2428 autem,
1159 2330 1262 2434 quod

188 2476 314 2549 exstat,
360 2461 455 2534 data
495 2483 611 2556 quum
645 2457 791 2555 proprie
827 2453 874 2527 ad
919 2455 1092 2528 ultionem
1124 2473 1262 2528 tantum

187 2578 313 2650 referri
326 2576 447 2676 possit,
472 2603 535 2674 per
548 2575 703 2675 figuram
725 2557 1000 2670 συνεξευγμένόν
1022 2574 1184 2648 additum
1199 2595 1270 2649 est.-

283 2697 450 2797 Denique
481 2695 692 2770 Ruhnkenii
722 2697 965 2770 coniecturam
999 2751 1023 2790 ,‚
1033 2695 1157 2770 relatio
1165 2701 1189 2740 “
1213 2735 1262 2752 -

190 2839 235 2894 ue
252 2813 368 2890 dicam
386 2815 430 2888 dc
452 2818 526 2890 aliis
545 2817 697 2890 aliorum
721 2815 929 2890 criticorum
945 2817 1197 2890 tentaminibus
1212 2859 1262 2876 ·—

188 2933 349 3006 facilitate
376 2959 521 3036 superat
546 2957 677 3009 nostra.

513 3241 759 3336 onum
791 3244 932 3340 1111

610 3387 676 3442 vm.
691 3387 729 3456 11,
749 3383 794 3440 11.
810 3385 837 3442 a.

271 3545 428 3622 „Metelli
450 3557 553 3609 torm
583 3557 618 3608 et
645 3547 813 3628 mepte·
839 3549 902 3627 ficit
928 3546 1131 3622 elnonem,
1155 3559 1265 3610 etms

188 3651 303 3727 νίκης
333 3653 501 3735 commeo
528 3670 694 3732 coquom
724 3648 883 3712 ant‘dt'ci
913 3651 1099 3712 iudictwrt-“
1144 3653 1197 3712 Ed.
1224 3673 1266 3727 pr.

192 3773 259 3828 pag.
281 3759 325 3816 to.

673 3855 781 3876 {tf-'²⁴3

191 3963 322 4072 Haud
344 4002 522 4104 displicuit
547 4006 763 4078 Ruhnkeuio
788 4005 928 4078 Ortvini
952 4025 987 4076 et
1010 4003 1156 4079 Gruteri
1181 4033 1267 4082 con·

192 4123 344 4196 iectura:
370 4144 430 4213 „ct
457 4127 624 4200 meritum
648 4129 778 4201 virtute
804 4125 836 4198 ci
862 4151 1065 4223 cognomen
1082 4121 1268 4203 Numidici

192 4241 384 4318 inditum.“
435 4240 509 4314 Sed
529 4245 743 4343 elegantius,
772 4245 919 4348 opinor,
954 4245 1163 4347 scriptoque
1183 4250 1269 4325 laci·

193 4361 262 4436 lius
284 4362 393 4436 foret:
