<?xml version="1.0" encoding="UTF-8"?>
<!DOCTYPE html PUBLIC "-//W3C//DTD XHTML 1.0 Transitional//EN"
    "http://www.w3.org/TR/xhtml1/DTD/xhtml1-transitional.dtd">
<html xmlns="http://www.w3.org/1999/xhtml" xml:lang="en" lang="en">
 <head>
  <title>
</title>
<meta http-equiv="Content-Type" content="text/html;charset=utf-8" />
  <meta name='ocr-system' content='tesseract 3.04.00' />
  <meta name='ocr-capabilities' content='ocr_page ocr_carea ocr_par ocr_line ocrx_word'/>
</head>
<body>
  <div class='ocr_page' id='page_1' title='image "./locivelleiani00laurgoog_0089.png"; bbox 0 0 3044 5150; ppageno 0'>
   <div class='ocr_carea' id='block_1_1' title="bbox 255 621 305 696">
    <p class='ocr_par' dir='ltr' id='par_1_1' title="bbox 255 621 305 696">
     <span class='ocr_line' id='line_1_1' title="bbox 255 621 305 696; baseline 0 0"><span class='ocrx_word' id='word_1_1' title='bbox 255 621 305 696; x_wconf 80' lang='lat'><strong>0⁰</strong></span> 
     </span>
    </p>
   </div>
   <div class='ocr_carea' id='block_1_2' title="bbox 255 801 1331 1030">
    <p class='ocr_par' dir='ltr' id='par_1_2' title="bbox 255 801 1331 1030">
     <span class='ocr_line' id='line_1_2' title="bbox 255 801 1331 905; baseline -0.007 -23"><span class='ocrx_word' id='word_1_2' title='bbox 255 806 424 882; x_wconf 75' lang='lat' dir='ltr'><strong>Ceterum</strong></span> <span class='ocrx_word' id='word_1_3' title='bbox 463 804 702 904; x_wconf 86' lang='lat' dir='ltr'><strong>antiquissima</strong></span> <span class='ocrx_word' id='word_1_4' title='bbox 749 823 865 905; x_wconf 82' lang='lat' dir='ltr'><strong>potest</strong></span> <span class='ocrx_word' id='word_1_5' title='bbox 904 827 979 876; x_wconf 86' lang='lat' dir='ltr'><strong>esse</strong></span> <span class='ocrx_word' id='word_1_6' title='bbox 1023 802 1229 901; x_wconf 81' lang='lat' dir='ltr'>corruptela</span> <span class='ocrx_word' id='word_1_7' title='bbox 1272 801 1331 875; x_wconf 87' lang='lat' dir='ltr'><strong>illa</strong></span> 
     </span>
     <span class='ocr_line' id='line_1_3' title="bbox 255 922 1330 1030; baseline -0.007 -26"><span class='ocrx_word' id='word_1_8' title='bbox 255 930 376 1004; x_wconf 90' lang='lat' dir='ltr'><strong>literae</strong></span> <span class='ocrx_word' id='word_1_9' title='bbox 401 929 423 1000; x_wconf 81' lang='lat' dir='ltr'><strong><em>b</em></strong></span> <span class='ocrx_word' id='word_1_10' title='bbox 447 952 516 1030; x_wconf 92' lang='lat' dir='ltr'><strong>pro</strong></span> <span class='ocrx_word' id='word_1_11' title='bbox 541 930 570 999; x_wconf 87' lang='lat' dir='ltr'><strong>d</strong></span> <span class='ocrx_word' id='word_1_12' title='bbox 598 925 750 1026; x_wconf 83' lang='lat' dir='ltr'><strong>positae:</strong></span> <span class='ocrx_word' id='word_1_13' title='bbox 789 950 901 1021; x_wconf 89' lang='lat' dir='ltr'><strong>quum</strong></span> <span class='ocrx_word' id='word_1_14' title='bbox 928 945 964 996; x_wconf 87' lang='lat' dir='ltr'><strong>et</strong></span> <span class='ocrx_word' id='word_1_15' title='bbox 987 923 1025 996; x_wconf 93' lang='lat' dir='ltr'><strong>in</strong></span> <span class='ocrx_word' id='word_1_16' title='bbox 1047 923 1159 998; x_wconf 84' lang='lat' dir='ltr'><strong>Fastis</strong></span> <span class='ocrx_word' id='word_1_17' title='bbox 1188 922 1330 1025; x_wconf 81' lang='lat' dir='ltr'><strong>Capito·</strong></span> 
     </span>
    </p>
   </div>
   <div class='ocr_carea' id='block_1_3' title="bbox 254 1043 1196 1139">
    <p class='ocr_par' dir='ltr' id='par_1_3' title="bbox 254 1043 1196 1139">
     <span class='ocr_line' id='line_1_4' title="bbox 254 1043 1196 1139; baseline -0.007 -15"><span class='ocrx_word' id='word_1_18' title='bbox 254 1050 337 1124; x_wconf 89' lang='lat' dir='ltr'><strong>linis</strong></span> <span class='ocrx_word' id='word_1_19' title='bbox 358 1049 410 1122; x_wconf 77' lang='lat' dir='ltr'><strong>lie</strong></span> <span class='ocrx_word' id='word_1_20' title='bbox 424 1051 467 1120; x_wconf 93' lang='lat' dir='ltr'><em>D</em></span> <span class='ocrx_word' id='word_1_21' title='bbox 490 1073 529 1119; x_wconf 91' lang='lat' dir='ltr'><strong>ea</strong></span> <span class='ocrx_word' id='word_1_22' title='bbox 553 1045 616 1139; x_wconf 87' lang='lat' dir='ltr'><strong>sit,</strong></span> <span class='ocrx_word' id='word_1_23' title='bbox 641 1066 681 1117; x_wconf 91' lang='lat' dir='ltr'><strong>ut</strong></span> <span class='ocrx_word' id='word_1_24' title='bbox 704 1044 869 1118; x_wconf 82' lang='lat' dir='ltr'><strong>facillime</strong></span> <span class='ocrx_word' id='word_1_25' title='bbox 888 1045 927 1118; x_wconf 90' lang='lat' dir='ltr'><strong>in</strong></span> <span class='ocrx_word' id='word_1_26' title='bbox 950 1043 1000 1119; x_wconf 86' lang='lat' dir='ltr'><strong>lit.</strong></span> <span class='ocrx_word' id='word_1_27' title='bbox 1021 1047 1060 1116; x_wconf 95' lang='lat' dir='ltr'><em>B</em></span> <span class='ocrx_word' id='word_1_28' title='bbox 1085 1045 1196 1118; x_wconf 73' lang='lat' dir='ltr'><strong>abeat</strong></span> 
     </span>
    </p>
   </div>
   <div class='ocr_carea' id='block_1_4' title="bbox 573 1495 1017 1592">
    <p class='ocr_par' dir='ltr' id='par_1_4' title="bbox 573 1495 1017 1592">
     <span class='ocr_line' id='line_1_5' title="bbox 573 1495 1017 1592; baseline 0.011 -5"><span class='ocrx_word' id='word_1_29' title='bbox 573 1495 823 1587; x_wconf 65' lang='lat' dir='ltr'><strong>oum</strong></span> <span class='ocrx_word' id='word_1_30' title='bbox 874 1496 1017 1592; x_wconf 69' lang='lat'><strong>1111</strong></span> 
     </span>
    </p>
   </div>
   <div class='ocr_carea' id='block_1_5' title="bbox 657 1664 928 1736">
    <p class='ocr_par' dir='ltr' id='par_1_5' title="bbox 657 1664 928 1736">
     <span class='ocr_line' id='line_1_6' title="bbox 657 1664 928 1736; baseline -0.004 -15"><span class='ocrx_word' id='word_1_31' title='bbox 657 1668 726 1724; x_wconf 73' lang='lat' dir='ltr'><strong>reu.</strong></span> <span class='ocrx_word' id='word_1_32' title='bbox 743 1667 787 1736; x_wconf 91' lang='lat' dir='ltr'><strong>n,</strong></span> <span class='ocrx_word' id='word_1_33' title='bbox 808 1664 852 1720; x_wconf 78' lang='lat' dir='ltr'><strong>so.</strong></span> <span class='ocrx_word' id='word_1_34' title='bbox 869 1665 928 1720; x_wconf 76' lang='lat' dir='ltr'><strong>tue</strong></span> 
     </span>
    </p>
   </div>
   <div class='ocr_carea' id='block_1_6' title="bbox 252 1819 1334 2002">
    <p class='ocr_par' dir='ltr' id='par_1_6' title="bbox 252 1819 1334 2002">
     <span class='ocr_line' id='line_1_7' title="bbox 334 1819 1334 1902; baseline -0.001 -18"><span class='ocrx_word' id='word_1_35' title='bbox 334 1821 415 1897; x_wconf 84' lang='lat' dir='ltr'><strong>„De</strong></span> <span class='ocrx_word' id='word_1_36' title='bbox 432 1822 517 1883; x_wconf 61' lang='lat' dir='ltr'><strong>cuore</strong></span> <span class='ocrx_word' id='word_1_37' title='bbox 537 1822 657 1902; x_wconf 69' lang='lat' dir='ltr'><strong>eripiare</strong></span> <span class='ocrx_word' id='word_1_38' title='bbox 676 1821 801 1882; x_wconf 72' lang='lat' dir='ltr'><strong>elimari</strong></span> <span class='ocrx_word' id='word_1_39' title='bbox 812 1819 978 1900; x_wconf 76' lang='lat' dir='ltr'><strong>praevenit</strong></span> <span class='ocrx_word' id='word_1_40' title='bbox 999 1819 1050 1896; x_wconf 61' lang='grc' dir='ltr'><strong>δ’,</strong></span> <span class='ocrx_word' id='word_1_41' title='bbox 1070 1839 1174 1900; x_wconf 77' lang='lat' dir='ltr'><strong>pauco</strong></span> <span class='ocrx_word' id='word_1_42' title='bbox 1198 1819 1334 1884; x_wconf 67' lang='lat' dir='ltr'><strong>diomede</strong></span> 
     </span>
     <span class='ocr_line' id='line_1_8' title="bbox 252 1932 574 2002; baseline -0.022 -10"><span class='ocrx_word' id='word_1_43' title='bbox 252 1935 357 1992; x_wconf 67' lang='lat' dir='ltr'><strong>mrr‘</strong></span> <span class='ocrx_word' id='word_1_44' title='bbox 396 1934 448 1988; x_wconf 79' lang='lat' dir='ltr'><strong>ut.</strong></span> <span class='ocrx_word' id='word_1_45' title='bbox 469 1949 511 2002; x_wconf 70' lang='grc' dir='ltr'><strong>ιιι.</strong></span> <span class='ocrx_word' id='word_1_46' title='bbox 525 1932 574 1990; x_wconf 78' lang='lat' dir='ltr'><strong>et.</strong></span> 
     </span>
    </p>
   </div>
   <div class='ocr_carea' id='block_1_7' title="bbox 250 2173 1330 2908">
    <p class='ocr_par' dir='ltr' id='par_1_7' title="bbox 250 2173 1330 2908">
     <span class='ocr_line' id='line_1_9' title="bbox 251 2173 1330 2307; baseline 0.002 -29"><span class='ocrx_word' id='word_1_47' title='bbox 251 2173 441 2284; x_wconf 63' lang='lat' dir='ltr'><strong>lienusius</strong></span> <span class='ocrx_word' id='word_1_48' title='bbox 471 2187 580 2280; x_wconf 82' lang='lat' dir='ltr'><strong>edens</strong></span> <span class='ocrx_word' id='word_1_49' title='bbox 598 2207 806 2304; x_wconf 82' lang='lat' dir='ltr'><strong>praevenit</strong></span> <span class='ocrx_word' id='word_1_50' title='bbox 835 2223 869 2276; x_wconf 91' lang='lat' dir='ltr'><strong>et</strong></span> <span class='ocrx_word' id='word_1_51' title='bbox 898 2230 1014 2303; x_wconf 84' lang='lat' dir='ltr'><strong>pauca</strong></span> <span class='ocrx_word' id='word_1_52' title='bbox 1057 2260 1079 2298; x_wconf 90' lang='lat'><strong>,‚</strong></span> <span class='ocrx_word' id='word_1_53' title='bbox 1090 2208 1173 2299; x_wconf 83' lang='lat' dir='ltr'><strong>Sic,</strong></span> <span class='ocrx_word' id='word_1_54' title='bbox 1200 2205 1330 2307; x_wconf 84' lang='lat' dir='ltr'><strong>iuquit,</strong></span> 
     </span>
     <span class='ocr_line' id='line_1_10' title="bbox 250 2325 1329 2426; baseline -0.006 -22"><span class='ocrx_word' id='word_1_55' title='bbox 250 2334 372 2407; x_wconf 87' lang='lat' dir='ltr'><strong>locum</strong></span> <span class='ocrx_word' id='word_1_56' title='bbox 390 2330 490 2403; x_wconf 91' lang='lat' dir='ltr'><strong>hunc</strong></span> <span class='ocrx_word' id='word_1_57' title='bbox 510 2325 771 2401; x_wconf 71' lang='lat' dir='ltr'><strong>venalissimum</strong></span> <span class='ocrx_word' id='word_1_58' title='bbox 789 2325 1080 2400; x_wconf 83' lang='lat' dir='ltr'><strong>constituendum</strong></span> <span class='ocrx_word' id='word_1_59' title='bbox 1095 2328 1230 2426; x_wconf 80' lang='lat' dir='ltr'><strong>putavi,</strong></span> <span class='ocrx_word' id='word_1_60' title='bbox 1255 2355 1329 2399; x_wconf 86' lang='lat' dir='ltr'><strong>me·</strong></span> 
     </span>
     <span class='ocr_line' id='line_1_11' title="bbox 252 2443 1330 2538; baseline -0.009 -12"><span class='ocrx_word' id='word_1_61' title='bbox 252 2457 380 2527; x_wconf 85' lang='lat' dir='ltr'><strong>dieina</strong></span> <span class='ocrx_word' id='word_1_62' title='bbox 406 2465 448 2522; x_wconf 80' lang='lat' dir='ltr'><strong>ut</strong></span> <span class='ocrx_word' id='word_1_63' title='bbox 476 2453 629 2521; x_wconf 82' lang='lat' dir='ltr'><strong>videtur</strong></span> <span class='ocrx_word' id='word_1_64' title='bbox 654 2448 899 2538; x_wconf 86' lang='lat' dir='ltr'><strong>facillima.“</strong></span> <span class='ocrx_word' id='word_1_65' title='bbox 956 2443 1006 2516; x_wconf 84' lang='lat' dir='ltr'><strong>At</strong></span> <span class='ocrx_word' id='word_1_66' title='bbox 1030 2471 1115 2522; x_wconf 89' lang='lat' dir='ltr'><strong>vero</strong></span> <span class='ocrx_word' id='word_1_67' title='bbox 1147 2443 1236 2519; x_wconf 88' lang='lat' dir='ltr'><strong>haec</strong></span> <span class='ocrx_word' id='word_1_68' title='bbox 1256 2471 1330 2518; x_wconf 88' lang='lat' dir='ltr'><strong>uon</strong></span> 
     </span>
     <span class='ocr_line' id='line_1_12' title="bbox 251 2561 1330 2663; baseline -0.006 -18"><span class='ocrx_word' id='word_1_69' title='bbox 251 2570 428 2646; x_wconf 86' lang='lat' dir='ltr'><strong>medicina</strong></span> <span class='ocrx_word' id='word_1_70' title='bbox 455 2586 524 2661; x_wconf 90' lang='lat' dir='ltr'><strong>est,</strong></span> <span class='ocrx_word' id='word_1_71' title='bbox 556 2565 618 2639; x_wconf 91' lang='lat' dir='ltr'><strong>sed</strong></span> <span class='ocrx_word' id='word_1_72' title='bbox 645 2585 762 2663; x_wconf 87' lang='lat' dir='ltr'><strong>aperta</strong></span> <span class='ocrx_word' id='word_1_73' title='bbox 789 2561 1047 2661; x_wconf 82' lang='lat' dir='ltr'><strong>desperationis</strong></span> <span class='ocrx_word' id='word_1_74' title='bbox 1076 2567 1268 2660; x_wconf 89' lang='lat' dir='ltr'><strong>confessio,</strong></span> <span class='ocrx_word' id='word_1_75' title='bbox 1296 2585 1330 2639; x_wconf 84' lang='lat' dir='ltr'><strong>et</strong></span> 
     </span>
     <span class='ocr_line' id='line_1_13' title="bbox 250 2686 1330 2790; baseline -0.003 -27"><span class='ocrx_word' id='word_1_76' title='bbox 250 2691 425 2766; x_wconf 88' lang='lat' dir='ltr'><strong>levissima</strong></span> <span class='ocrx_word' id='word_1_77' title='bbox 445 2689 606 2790; x_wconf 88' lang='lat' dir='ltr'><strong>quidem,</strong></span> <span class='ocrx_word' id='word_1_78' title='bbox 632 2712 747 2786; x_wconf 88' lang='lat' dir='ltr'><strong>quum</strong></span> <span class='ocrx_word' id='word_1_79' title='bbox 770 2686 904 2758; x_wconf 87' lang='lat' dir='ltr'><strong>nullius</strong></span> <span class='ocrx_word' id='word_1_80' title='bbox 921 2687 965 2759; x_wconf 89' lang='lat' dir='ltr'><strong>sit</strong></span> <span class='ocrx_word' id='word_1_81' title='bbox 989 2687 1173 2761; x_wconf 78' lang='lat' dir='ltr'><strong>momenti</strong></span> <span class='ocrx_word' id='word_1_82' title='bbox 1213 2686 1330 2762; x_wconf 86' lang='lat' dir='ltr'><strong>Lacu·</strong></span> 
     </span>
     <span class='ocr_line' id='line_1_14' title="bbox 251 2807 1249 2908; baseline -0.003 -23"><span class='ocrx_word' id='word_1_83' title='bbox 251 2836 382 2885; x_wconf 86' lang='lat' dir='ltr'><strong>narum</strong></span> <span class='ocrx_word' id='word_1_84' title='bbox 408 2809 632 2908; x_wconf 80' lang='lat' dir='ltr'><strong>investigatio</strong></span> <span class='ocrx_word' id='word_1_85' title='bbox 661 2807 791 2880; x_wconf 87' lang='lat' dir='ltr'><strong>nullius</strong></span> <span class='ocrx_word' id='word_1_86' title='bbox 814 2807 919 2905; x_wconf 91' lang='lat' dir='ltr'><strong>plane</strong></span> <span class='ocrx_word' id='word_1_87' title='bbox 949 2807 1079 2906; x_wconf 82' lang='lat' dir='ltr'><strong>negotii</strong></span> <span class='ocrx_word' id='word_1_88' title='bbox 1106 2833 1161 2880; x_wconf 89' lang='lat' dir='ltr'><strong>res</strong></span> <span class='ocrx_word' id='word_1_89' title='bbox 1187 2826 1249 2883; x_wconf 84' lang='lat' dir='ltr'><strong>est.</strong></span> 
     </span>
    </p>
   </div>
   <div class='ocr_carea' id='block_1_8' title="bbox 248 2948 1330 3291">
    <p class='ocr_par' dir='ltr' id='par_1_8' title="bbox 248 2948 1330 3291">
     <span class='ocr_line' id='line_1_15' title="bbox 348 2948 1330 3052; baseline -0.002 -28"><span class='ocrx_word' id='word_1_90' title='bbox 348 2950 525 3052; x_wconf 87' lang='lat' dir='ltr'><strong>Equidem</strong></span> <span class='ocrx_word' id='word_1_91' title='bbox 562 2951 724 3044; x_wconf 82' lang='lat' dir='ltr'><strong>Goettio‚</strong></span> <span class='ocrx_word' id='word_1_92' title='bbox 758 2950 951 3052; x_wconf 83' lang='lat' dir='ltr'><strong>interprete</strong></span> <span class='ocrx_word' id='word_1_93' title='bbox 987 2950 1200 3044; x_wconf 86' lang='lat' dir='ltr'><strong>vernaculo,</strong></span> <span class='ocrx_word' id='word_1_94' title='bbox 1238 2948 1330 3023; x_wconf 90' lang='lat' dir='ltr'><strong>duce</strong></span> 
     </span>
     <span class='ocr_line' id='line_1_16' title="bbox 248 3069 1330 3174; baseline -0.003 -28"><span class='ocrx_word' id='word_1_95' title='bbox 248 3070 463 3174; x_wconf 89' lang='lat' dir='ltr'><strong>iampridem</strong></span> <span class='ocrx_word' id='word_1_96' title='bbox 501 3072 724 3146; x_wconf 79' lang='lat' dir='ltr'><strong>coniecerant</strong></span> <span class='ocrx_word' id='word_1_97' title='bbox 757 3074 795 3143; x_wconf 87' lang='lat' dir='ltr'><strong>in</strong></span> <span class='ocrx_word' id='word_1_98' title='bbox 829 3069 927 3168; x_wconf 89' lang='lat' dir='ltr'><strong>quod</strong></span> <span class='ocrx_word' id='word_1_99' title='bbox 962 3070 1146 3144; x_wconf 84' lang='lat' dir='ltr'><strong>Baiterum</strong></span> <span class='ocrx_word' id='word_1_100' title='bbox 1186 3095 1330 3172; x_wconf 91' lang='lat' dir='ltr'><strong>quoque</strong></span> 
     </span>
     <span class='ocr_line' id='line_1_17' title="bbox 249 3191 1329 3291; baseline -0.002 -25"><span class='ocrx_word' id='word_1_101' title='bbox 249 3191 297 3266; x_wconf 86' lang='lat' dir='ltr'><strong>V.</strong></span> <span class='ocrx_word' id='word_1_102' title='bbox 334 3192 381 3264; x_wconf 90' lang='lat' dir='ltr'><strong>D.</strong></span> <span class='ocrx_word' id='word_1_103' title='bbox 419 3192 622 3265; x_wconf 86' lang='lat' dir='ltr'><strong>coniectura</strong></span> <span class='ocrx_word' id='word_1_104' title='bbox 673 3191 836 3264; x_wconf 85' lang='lat' dir='ltr'><strong>incidisse</strong></span> <span class='ocrx_word' id='word_1_105' title='bbox 885 3192 1069 3291; x_wconf 85' lang='lat' dir='ltr'><strong>comperio</strong></span> <span class='ocrx_word' id='word_1_106' title='bbox 1113 3217 1155 3266; x_wconf 85' lang='lat' dir='ltr'><strong>ex</strong></span> <span class='ocrx_word' id='word_1_107' title='bbox 1193 3191 1329 3266; x_wconf 89' lang='lat' dir='ltr'><strong>Orellio</strong></span> 
     </span>
    </p>
   </div>
   <div class='ocr_carea' id='block_1_9' title="bbox 249 3309 377 3386">
    <p class='ocr_par' dir='ltr' id='par_1_9' title="bbox 249 3309 377 3386">
     <span class='ocr_line' id='line_1_18' title="bbox 249 3309 377 3386; baseline -0.016 0"><span class='ocrx_word' id='word_1_108' title='bbox 249 3311 296 3386; x_wconf 86' lang='lat' dir='ltr'><strong>V.</strong></span> <span class='ocrx_word' id='word_1_109' title='bbox 323 3309 377 3385; x_wconf 89' lang='lat' dir='ltr'><strong>cl.</strong></span> 
     </span>
    </p>
   </div>
   <div class='ocr_carea' id='block_1_10' title="bbox 246 3448 1332 4517">
    <p class='ocr_par' dir='ltr' id='par_1_10' title="bbox 246 3448 1332 4517">
     <span class='ocr_line' id='line_1_19' title="bbox 328 3448 1330 3552; baseline -0.002 -25"><span class='ocrx_word' id='word_1_110' title='bbox 328 3448 402 3527; x_wconf 91' lang='lat' dir='ltr'><strong>Sed</strong></span> <span class='ocrx_word' id='word_1_111' title='bbox 425 3449 519 3524; x_wconf 90' lang='lat' dir='ltr'><strong>hanc</strong></span> <span class='ocrx_word' id='word_1_112' title='bbox 543 3451 753 3548; x_wconf 88' lang='lat' dir='ltr'><strong>opinionem</strong></span> <span class='ocrx_word' id='word_1_113' title='bbox 779 3455 888 3552; x_wconf 90' lang='lat' dir='ltr'><strong>plane</strong></span> <span class='ocrx_word' id='word_1_114' title='bbox 909 3452 1051 3526; x_wconf 87' lang='lat' dir='ltr'><strong>missam</strong></span> <span class='ocrx_word' id='word_1_115' title='bbox 1072 3452 1161 3542; x_wconf 85' lang='lat' dir='ltr'><strong>feci,</strong></span> <span class='ocrx_word' id='word_1_116' title='bbox 1192 3475 1234 3526; x_wconf 82' lang='lat' dir='ltr'><strong>ex</strong></span> <span class='ocrx_word' id='word_1_117' title='bbox 1259 3477 1330 3550; x_wconf 92' lang='lat' dir='ltr'><strong>quo</strong></span> 
     </span>
     <span class='ocr_line' id='line_1_20' title="bbox 248 3572 1329 3669; baseline 0 -23"><span class='ocrx_word' id='word_1_118' title='bbox 248 3572 427 3664; x_wconf 87' lang='lat' dir='ltr'><strong>intellexi,</strong></span> <span class='ocrx_word' id='word_1_119' title='bbox 453 3574 604 3647; x_wconf 89' lang='lat' dir='ltr'><strong>verbum</strong></span> <span class='ocrx_word' id='word_1_120' title='bbox 623 3577 905 3668; x_wconf 81' lang='lat' dir='ltr'><strong>praeveniendi</strong></span> <span class='ocrx_word' id='word_1_121' title='bbox 928 3598 1103 3669; x_wconf 82' lang='lat' dir='ltr'><strong>nusquam</strong></span> <span class='ocrx_word' id='word_1_122' title='bbox 1130 3573 1199 3647; x_wconf 83' lang='lat' dir='ltr'><strong>alio</strong></span> <span class='ocrx_word' id='word_1_123' title='bbox 1222 3597 1329 3646; x_wconf 86' lang='lat' dir='ltr'><strong>sensu</strong></span> 
     </span>
     <span class='ocr_line' id='line_1_21' title="bbox 247 3691 1329 3792; baseline 0.001 -28"><span class='ocrx_word' id='word_1_124' title='bbox 247 3691 319 3790; x_wconf 82' lang='lat' dir='ltr'><strong>legi</strong></span> <span class='ocrx_word' id='word_1_125' title='bbox 341 3691 410 3765; x_wconf 88' lang='lat' dir='ltr'><strong>nisi</strong></span> <span class='ocrx_word' id='word_1_126' title='bbox 438 3710 479 3763; x_wconf 94' lang='lat' dir='ltr'><strong>ut</strong></span> <span class='ocrx_word' id='word_1_127' title='bbox 508 3692 552 3763; x_wconf 88' lang='lat' dir='ltr'><strong>sit</strong></span> <span class='ocrx_word' id='word_1_128' title='bbox 580 3691 602 3765; x_wconf 91' lang='lat' dir='ltr'><strong>i.</strong></span> <span class='ocrx_word' id='word_1_129' title='bbox 626 3719 658 3789; x_wconf 93' lang='lat' dir='ltr'><strong>q.</strong></span> <span class='ocrx_word' id='word_1_130' title='bbox 689 3712 935 3790; x_wconf 85' lang='lat' dir='ltr'><strong>praevertere,</strong></span> <span class='ocrx_word' id='word_1_131' title='bbox 969 3720 1159 3792; x_wconf 86' lang='lat' dir='ltr'><strong>occupare.</strong></span> <span class='ocrx_word' id='word_1_132' title='bbox 1218 3691 1329 3779; x_wconf 88' lang='lat' dir='ltr'><strong>Quod</strong></span> 
     </span>
     <span class='ocr_line' id='line_1_22' title="bbox 248 3812 1329 3916; baseline 0.003 -33"><span class='ocrx_word' id='word_1_133' title='bbox 248 3836 359 3907; x_wconf 92' lang='lat' dir='ltr'><strong>quum</strong></span> <span class='ocrx_word' id='word_1_134' title='bbox 384 3812 433 3885; x_wconf 83' lang='lat' dir='ltr'><strong>ita</strong></span> <span class='ocrx_word' id='word_1_135' title='bbox 447 3813 535 3906; x_wconf 85' lang='lat' dir='ltr'><strong>sint,</strong></span> <span class='ocrx_word' id='word_1_136' title='bbox 572 3813 754 3911; x_wconf 89' lang='lat' dir='ltr'><strong>quomodo</strong></span> <span class='ocrx_word' id='word_1_137' title='bbox 769 3814 929 3889; x_wconf 85' lang='lat' dir='ltr'><strong>Velleius</strong></span> <span class='ocrx_word' id='word_1_138' title='bbox 953 3812 1072 3886; x_wconf 88' lang='lat' dir='ltr'><strong>dicere</strong></span> <span class='ocrx_word' id='word_1_139' title='bbox 1097 3834 1236 3916; x_wconf 88' lang='lat' dir='ltr'><strong>poterat</strong></span> <span class='ocrx_word' id='word_1_140' title='bbox 1255 3838 1329 3888; x_wconf 89' lang='lat' dir='ltr'><strong>sese</strong></span> 
     </span>
     <span class='ocr_line' id='line_1_23' title="bbox 247 3931 1329 4033; baseline 0.005 -30"><span class='ocrx_word' id='word_1_141' title='bbox 247 3931 292 4004; x_wconf 90' lang='lat' dir='ltr'><strong>ab</strong></span> <span class='ocrx_word' id='word_1_142' title='bbox 312 3933 477 4031; x_wconf 82' lang='lat' dir='ltr'><strong>Augusto</strong></span> <span class='ocrx_word' id='word_1_143' title='bbox 497 3935 533 4006; x_wconf 93' lang='lat' dir='ltr'><strong>in</strong></span> <span class='ocrx_word' id='word_1_144' title='bbox 559 3933 671 4032; x_wconf 87' lang='lat' dir='ltr'><strong>ipsius</strong></span> <span class='ocrx_word' id='word_1_145' title='bbox 693 3935 764 4009; x_wconf 72' lang='lat' dir='ltr'><strong>vita</strong></span> <span class='ocrx_word' id='word_1_146' title='bbox 788 3933 977 4008; x_wconf 85' lang='lat' dir='ltr'><strong>scribenda</strong></span> <span class='ocrx_word' id='word_1_147' title='bbox 998 3958 1233 4033; x_wconf 84' lang='lat' dir='ltr'><strong>praeventum</strong></span> <span class='ocrx_word' id='word_1_148' title='bbox 1255 3961 1329 4009; x_wconf 86' lang='lat' dir='ltr'><strong>esse</strong></span> 
     </span>
     <span class='ocr_line' id='line_1_24' title="bbox 247 4051 1329 4154; baseline 0.005 -31"><span class='ocrx_word' id='word_1_149' title='bbox 247 4070 283 4123; x_wconf 87' lang='lat' dir='ltr'><strong>et</strong></span> <span class='ocrx_word' id='word_1_150' title='bbox 306 4051 553 4151; x_wconf 82' lang='lat' dir='ltr'><strong>occupatum?</strong></span> <span class='ocrx_word' id='word_1_151' title='bbox 626 4053 860 4128; x_wconf 86' lang='lat' dir='ltr'><strong>Praevenitur</strong></span> <span class='ocrx_word' id='word_1_152' title='bbox 886 4054 1033 4128; x_wconf 89' lang='lat' dir='ltr'><strong>nonnisi</strong></span> <span class='ocrx_word' id='word_1_153' title='bbox 1054 4055 1103 4149; x_wconf 86' lang='lat' dir='ltr'><strong>is,</strong></span> <span class='ocrx_word' id='word_1_154' title='bbox 1129 4055 1192 4154; x_wconf 86' lang='lat' dir='ltr'><strong>qui</strong></span> <span class='ocrx_word' id='word_1_155' title='bbox 1218 4054 1329 4154; x_wconf 88' lang='lat' dir='ltr'><strong>etipse</strong></span> 
     </span>
     <span class='ocr_line' id='line_1_25' title="bbox 246 4169 1330 4274; baseline 0.006 -33"><span class='ocrx_word' id='word_1_156' title='bbox 246 4169 454 4272; x_wconf 87' lang='lat' dir='ltr'><strong>praevenire</strong></span> <span class='ocrx_word' id='word_1_157' title='bbox 486 4173 670 4269; x_wconf 86' lang='lat' dir='ltr'><strong>potuisset.</strong></span> <span class='ocrx_word' id='word_1_158' title='bbox 745 4171 980 4271; x_wconf 83' lang='lat' dir='ltr'><strong>Quapropter</strong></span> <span class='ocrx_word' id='word_1_159' title='bbox 1016 4201 1125 4249; x_wconf 92' lang='lat' dir='ltr'><strong>nemo</strong></span> <span class='ocrx_word' id='word_1_160' title='bbox 1148 4203 1249 4250; x_wconf 90' lang='lat' dir='ltr'><strong>suam</strong></span> <span class='ocrx_word' id='word_1_161' title='bbox 1274 4177 1330 4274; x_wconf 91' lang='lat' dir='ltr'><strong>ip-</strong></span> 
     </span>
     <span class='ocr_line' id='line_1_26' title="bbox 247 4288 1330 4396; baseline 0.004 -32"><span class='ocrx_word' id='word_1_162' title='bbox 247 4289 317 4364; x_wconf 87' lang='lat' dir='ltr'><strong>sius</strong></span> <span class='ocrx_word' id='word_1_163' title='bbox 349 4290 459 4364; x_wconf 84' lang='lat' dir='ltr'><strong>vitam</strong></span> <span class='ocrx_word' id='word_1_164' title='bbox 493 4288 730 4364; x_wconf 87' lang='lat' dir='ltr'><strong>describendo</strong></span> <span class='ocrx_word' id='word_1_165' title='bbox 762 4292 944 4390; x_wconf 86' lang='lat' dir='ltr'><strong>praevenit</strong></span> <span class='ocrx_word' id='word_1_166' title='bbox 975 4319 1081 4388; x_wconf 90' lang='lat' dir='ltr'><strong>eum,</strong></span> <span class='ocrx_word' id='word_1_167' title='bbox 1121 4295 1183 4396; x_wconf 90' lang='lat' dir='ltr'><strong>qui</strong></span> <span class='ocrx_word' id='word_1_168' title='bbox 1216 4295 1330 4368; x_wconf 89' lang='lat' dir='ltr'><strong>tribus</strong></span> 
     </span>
     <span class='ocr_line' id='line_1_27' title="bbox 246 4409 1332 4517; baseline 0.003 -31"><span class='ocrx_word' id='word_1_169' title='bbox 246 4412 365 4486; x_wconf 82' lang='lat' dir='ltr'><strong>lustris</strong></span> <span class='ocrx_word' id='word_1_170' title='bbox 389 4432 471 4512; x_wconf 84' lang='lat' dir='ltr'><strong>post</strong></span> <span class='ocrx_word' id='word_1_171' title='bbox 497 4409 594 4486; x_wconf 89' lang='lat' dir='ltr'><strong>idem</strong></span> <span class='ocrx_word' id='word_1_172' title='bbox 623 4437 716 4510; x_wconf 91' lang='lat' dir='ltr'><strong>opus</strong></span> <span class='ocrx_word' id='word_1_173' title='bbox 744 4413 897 4515; x_wconf 75' lang='lat' dir='ltr'><strong>suscipit</strong></span> <span class='ocrx_word' id='word_1_174' title='bbox 963 4414 1062 4516; x_wconf 85' lang='lat' dir='ltr'><strong>Ergo</strong></span> <span class='ocrx_word' id='word_1_175' title='bbox 1093 4415 1139 4491; x_wconf 84' lang='lat' dir='ltr'><strong>de</strong></span> <span class='ocrx_word' id='word_1_176' title='bbox 1168 4415 1332 4517; x_wconf 77' lang='lat' dir='ltr'><strong>Augusto</strong></span> 
     </span>
    </p>
   </div>
   <div class='ocr_carea' id='block_1_11' title="bbox 0 0 1526 5150">
    <p class='ocr_par' dir='ltr' id='par_1_11' title="bbox 0 0 1526 5150">
     <span class='ocr_line' id='line_1_28' title="bbox 0 0 1526 5150; baseline 0 2"><span class='ocrx_word' id='word_1_177' title='bbox 0 0 1526 5150; x_wconf 95' lang='lat' dir='ltr'><strong> </strong></span> 
     </span>
    </p>
   </div>
  </div>
 </body>
</html>
