3048 5152
277 579 326 652 66

275 767 348 843 ltoe
369 793 490 844 sensu:
525 772 701 846 malebant
724 773 919 865 triumviri,
957 777 1215 872 proscriptione
1242 780 1347 850 inter·

278 889 342 966 imi
379 916 504 966 omnes
549 911 724 990 quotquot
771 892 947 964 haberent
983 892 1167 985 inimicos,
1213 898 1258 967 ita
1301 920 1349 972 ta-

277 1037 362 1086 men
400 1032 440 1084 ut
470 1011 526 1083 his
562 1010 645 1110 ipsis
686 1010 853 1082 caedibus
887 1037 978 1109 quae
1018 1032 1052 1083 et
1098 1035 1228 1110 quanta
1260 1018 1353 1115 passi

276 1152 388 1208 essent
423 1131 563 1230 publice
590 1130 837 1223 nunciaretur,
873 1159 980 1230 quam
1011 1153 1051 1204 ut
1079 1131 1187 1204 iidem
1218 1134 1352 1207 inimici

275 1279 397 1324 secum
431 1248 580 1322 reduces
607 1250 740 1347 flagitia
766 1278 827 1322 sua
856 1252 1058 1350 sceleraque
1093 1252 1225 1325 civibus
1253 1253 1350 1325 dete-

275 1389 398 1468 gerent
434 1367 743 1466 denutlarentque.
810 1371 1136 1470 Proscriptiouibus
1168 1371 1204 1444 h.
1233 1375 1256 1445 l.
1284 1375 1351 1446 ini-

273 1490 470 1580 micorum,
508 1515 662 1587 quorum
700 1490 843 1562 iniurias
880 1493 966 1590 passi
1004 1513 1123 1582 erant,
1157 1493 1349 1565 multitudo

271 1607 427 1683 indicata
451 1633 523 1681 esse
547 1608 690 1684 dicitur.

371 1750 514 1850 Quippe
534 1750 750 1850 insequentia
774 1751 990 1844 ostendunt,
1011 1752 1213 1824 Antonium
1234 1752 1337 1823 etLe·

270 1868 400 1972 pidum
424 1898 505 1943 suos
537 1869 805 1962 tantummodo,
837 1871 982 1942 minime
1015 1871 1100 1970 reip.
1132 1871 1341 1946 adversarios

271 1992 381 2065 morti
411 1989 558 2067 dedisse.
640 1989 748 2063 Unde
782 2019 895 2090 quum
927 1992 1226 2092 proscriptionum
1257 2019 1344 2065 nun-

272 2111 345 2188 cius
371 2113 524 2184 Romam
550 2111 774 2213 perveniret,
806 2111 898 2183 cives
931 2111 1031 2183 facile
1066 2135 1219 2204 norunt,
1257 2139 1344 2212 quae

269 2232 555 2332 proscriptorum
600 2230 747 2332 quisque
800 2231 838 2301 in
887 2232 1087 2304 Antonium
1126 2234 1345 2333 Lepidumve

269 2352 516 2442 commisisset,
555 2350 674 2448 itaque
713 2348 763 2421 illi
802 2352 1122 2450 proscriptionibus
1159 2353 1249 2453 quid
1277 2353 1346 2452 ipsi

268 2473 312 2546 ab
340 2471 495 2544 inimicis
516 2469 608 2569 passi
633 2491 747 2543 esseut
768 2471 929 2542 nunciari
950 2473 1153 2546 voluerunt.

373 2610 541 2684 Ceterum
581 2636 655 2684 non
699 2611 974 2710 praetermittam
1011 2639 1068 2686 me
1112 2614 1199 2686 olim
1239 2613 1343 2686 aliam

269 2730 511 2805 coniecturam
526 2728 662 2804 fovisse.
700 2729 908 2830 Scripturus
930 2756 1043 2804 eram:
1070 2735 1214 2804 civibus
1235 2757 1343 2804 revo-

268 2854 384 2944 cari„
420 2850 473 2924 Ita
497 2846 534 2922 h.
560 2850 584 2923 l.
619 2850 738 2948 ipsum
774 2847 874 2949 quod
901 2850 1084 2949 praecedit
1118 2853 1241 2946 „host
1269 2851 1343 2926 iud.

267 2978 399 3048 erant“
420 2990 631 3070 tangeretur.
675 2971 809 3042 'Nuari
836 2990 870 3042 et
891 2975 1017 3065 ruori,
1045 2999 1135 3071 quae
1162 2995 1245 3046 sunt
1265 2999 1343 3047 ver-

264 3094 396 3168 borum
425 3091 601 3164 nunciari
635 3108 671 3160 ct
697 3092 873 3163 revocari
903 3090 1135 3192 compendia,
1172 3091 1261 3164 haut
1294 3092 1342 3163 ita

265 3214 421 3286 multum
447 3211 540 3284 inter
565 3234 602 3282 se
625 3207 806 3283 differunt.

361 3350 452 3427 Voc.
474 3351 616 3425 civibus
642 3348 768 3424 eodem
793 3377 867 3450 quo
891 3350 952 3423 hic
969 3376 1075 3424 sensu
1100 3353 1228 3450 legitur
1244 3352 1341 3453 apud

263 3471 380 3548 velt:
412 3469 629 3566 ‚‚dictitans‚
664 3469 753 3542 nihil
775 3470 928 3568 amplius
963 3472 1098 3546 civibus
1119 3493 1257 3570 praeter
1285 3495 1340 3573 ty·

264 3595 366 3669 renni
393 3592 588 3693 petendum
626 3617 699 3664 esse
727 3591 977 3688 sanguinem.“
996 3635 1047 3650 --
1103 3594 1183 3664 Sibi
1219 3614 1338 3665 autem

261 3743 331 3816 pro
360 3715 502 3788 civibus
525 3714 661 3786 lectum
686 3739 759 3784 esse
785 3713 889 3786 facile
918 3713 1055 3812 colligis
1084 3741 1198 3814 quum
1227 3713 1339 3785 exiis

264 3859 356 3937 quae
386 3833 431 3908 de
461 3834 603 3908 mutatis
630 3862 649 3905 s
670 3853 705 3905 et
729 3859 749 3906 o
772 3833 883 3906 literis
907 3860 1014 3934 supra
1047 3836 1336 3927 memoravimus,

263 3974 341 4030 tum
381 3981 425 4030 ex
456 3953 677 4055 compendiis
710 3955 971 4029 vocabulorum
1006 3957 1098 4047 civi,
1149 3957 1336 4046 civitatis,

262 4075 450 4171 similium,
497 4099 654 4178 quorum
690 4071 860 4174 quodque
900 4072 1053 4147 mediam
1091 4073 1263 4176 syllabam
1295 4077 1338 4144 υί

262 4193 402 4271 omittit.
