3048 5152
574 923 826 1024 uam
859 919 999 1022 m.

675 1084 898 1156 muna

252 1334 554 1448 Historicorum,
591 1357 742 1456 opinor,
780 1354 925 1426 interest
964 1351 1143 1451 inquirere
1179 1351 1216 1422 in
1252 1376 1331 1422 eam

252 1517 341 1590 quae
360 1485 489 1561 Velleii
514 1480 734 1580 temporibus
756 1477 863 1548 fuerit
894 1476 1064 1570 equestris
1085 1471 1223 1545 ordinis
1245 1497 1331 1543 con-

253 1613 434 1686 ditionem.
491 1602 644 1675 Duobus
672 1598 765 1671 enim
796 1595 883 1668 locis
917 1591 1006 1666 mihi
1033 1593 1112 1664 satis
1144 1595 1263 1684 clare,
1293 1613 1335 1663 ut

252 1734 332 1824 hic,
362 1726 626 1800 obscurissima
648 1721 761 1790 initio
791 1745 875 1788 cum
902 1715 1057 1814 equestri
1082 1713 1210 1794 ordine
1235 1715 1334 1786 com-

252 1852 343 1950 poni
371 1847 543 1922 videntur.
607 1839 701 1912 Dico
732 1857 852 1908 autem
878 1835 960 1924 hos
978 1835 1094 1918 locos:
1130 1835 1186 1927 ll,
1213 1837 1270 1906 88.
1303 1859 1334 1906 2.

253 2001 289 2072 p
313 1974 394 2044 564.
468 1965 658 2038 Maecenas
694 1957 863 2056 equestri,
884 1961 955 2028 ced
983 1953 1172 2050 splendido
1205 1979 1335 2052 genere

257 2114 376 2182 ortus3
406 2087 554 2180 ll,127.
581 2112 615 2180 p.
632 2083 714 2152 485.
768 2079 842 2149 Sub
868 2075 925 2148 his
955 2075 1128 2173 exemplis
1155 2117 1205 2130 —-
1235 2073 1334 2146 Seia-

170 2305 171 2308 *
254 2241 343 2288 num
366 2253 413 2270 --
439 2205 601 2308 principe
628 2201 797 2303 equestris
823 2197 958 2272 ordinis
982 2217 1084 2296 patre
1109 2179 1244 2268 natum.
1289 2193 1335 2268 Et

255 2351 482 2433 comparetur
510 2347 626 2398 totum
649 2318 741 2394 illud
765 2338 879 2417 caput.

356 2486 522 2574 Quorum
540 2480 705 2551 locorum
726 2497 864 2544 memor
884 2470 942 2544 vix
963 2470 1075 2543 miror
1099 2466 1210 2560 illud,
1236 2464 1338 2566 quod

258 2613 327 2714 ipsi
340 2602 543 2682 Niebuhrio
563 2596 776 2696 scrupulum
802 2592 936 2664 iniecit.
990 2589 1135 2688 Quippe
1150 2587 1337 2662 Velleium

257 2729 414 2802 Marium
449 2748 555 2820 quem
581 2714 688 2790 tradit
719 2709 874 2812 equestri
906 2710 986 2782 lo'co
1020 2729 1143 2780 natum
1180 2706 1338 2780 eundem

258 2853 400 2948 ignotae
422 2841 567 2941 originis
585 2838 701 2911 virum
718 2833 916 2932 appellare,
953 2830 1146 2928 Praecipue
1162 2833 1232 2900 aed
1245 2826 1338 2900 illud

260 2971 339 3045 satis
365 2966 520 3040 declarat
542 2985 615 3060 quo
641 2983 744 3030 sensu
769 2953 923 3026 Marium
947 2951 1087 3048 ignotae
1113 2948 1260 3047 originis
1287 2947 1339 3019 vi-

262 3117 342 3166 rum
370 3082 589 3187 perhibuerit
609 3077 776 3152 Velleius.

601 3460 856 3559 CAPUT
892 3457 1001 3550 nu*

522 3699 524 3707 Α
673 3607 933 3692 'munt

751 3753 848 3776 x

250 3957 252 3964 ·
269 3877 439 3983 Velleius
460 3905 521 3977 hic
535 3897 713 3977 vocabulo
733 3893 931 3967 momentis
953 3885 1080 3962 eodem
1100 3913 1207 3962 sensu
1230 3886 1341 3958 utitur

271 4059 345 4134 quo
367 4055 475 4127 supra
497 4022 647 4116 l.1,51.
679 4015 779 4090 dixit:
809 4008 987 4105 „Graecia
1014 4007 1152 4106 magnis
1176 4034 1344 4080 concussa

271 4175 322 4227 est
350 4149 560 4239 motibua3“
601 4164 707 4236 quem
732 4135 850 4232 ipsum
877 4133 999 4202 locum
1032 4156 1146 4227 quum
1180 4130 1347 4202 excitaret

270 4272 467 4360 Krausius,
503 4291 578 4337 non
610 4279 687 4334 erat
720 4251 819 4352 quod
846 4249 1105 4324 Ruhnkenium
1135 4248 1274 4322 nodum
1306 4248 1344 4319 in

271 4398 390 4493 scirpo
417 4403 645 4488 quaerentem
665 4395 886 4473 sequeretur,
908 4371 1113 4470 praesertim
1140 4393 1252 4469 quum
1278 4366 1346 4439 nisi
