3044 5150
180 646 185 655 ·
266 595 316 672 86

268 783 349 858 laus
371 786 579 877 „ineptum
610 807 637 856 s.
651 839 654 848 .
667 778 816 854 unicum
834 803 873 852 s.
899 781 1082 852 invictmn
1101 804 1183 876 par
1208 803 1336 854 consto·

268 905 377 976 Ιιιιηιι
402 900 584 1003 quomodo
612 899 765 1002 quadrat·
792 927 876 972 cum
898 901 1028 972 ieiuma
1052 899 1118 972 ista
1143 899 1335 1000 reprehen-

265 1021 392 1097 ¹sione:
436 1026 501 1120 qui
536 1047 655 1116 neque
691 1018 786 1093 cett?
839 1015 1007 1094 Inclitum
1047 1047 1111 1120 par
1144 1021 1333 1092 consulum

267 1145 492 1217 consulatum
515 1166 631 1240 neque
659 1139 805 1212 honeste
826 1141 948 1237 petivit
971 1166 1087 1240 neque
1114 1167 1196 1212 eum
1225 1137 1332 1212 laude
1356 1120 1359 1126 ¹

267 1264 387 1362 gessit!
458 1261 559 1347 Quae
599 1261 629 1332 si
668 1263 711 1332 ab
751 1259 828 1359 ipso
865 1259 1006 1333 Velleio
1051 1261 1208 1360 prolecta
1245 1261 1333 1352 siut,

268 1410 392 1462 nonne
419 1381 500 1456 fieri
520 1380 620 1455 vides
646 1380 879 1453 Horatianum
899 1380 1013 1454 illud:

426 1567 475 1582 -
489 1567 540 1581 -
563 1542 603 1594 ut
627 1523 777 1621 turpiter
798 1541 913 1593 atrum

363 1643 498 1716 desinat
520 1643 558 1714 in
588 1643 719 1743 piscem
746 1643 875 1714 mulier
900 1643 1056 1714 formosa
1077 1639 1260 1740 superne?

422 1807 590 1821 --·--
616 1785 656 1834 ut
676 1789 743 1836 nec
771 1788 832 1864 pes
860 1788 930 1835 nec
953 1785 1061 1864 caput
1088 1762 1153 1835 uni

360 1881 529 1957 reddatur
551 1887 698 1957 formae.

265 2037 366 2124 Quae
402 2066 514 2138 quum
550 2039 598 2110 ita
633 2038 702 2110 sint
732 2035 924 2133 negarique
955 2057 1152 2134 nequeant,
1189 2034 1332 2108 aliunde

263 2157 459 2259 petendum
497 2159 564 2230 erit
603 2157 782 2229 auxilium.
850 2151 928 2226 Nee
958 2153 1156 2255 displicebit
1188 2157 1332 2228 fortasse

261 2277 370 2372 haee,
393 2293 500 2378 quam
523 2273 742 2358 invenimus,
764 2270 982 2345 emendatio:

369 2482 395 2516 ‚,
405 2431 581 2502 Alterum
599 2453 700 2523 pene
728 2430 886 2522 imperio
906 2439 1033 2497 nostro
1059 2452 1106 2496 ac
1126 2453 1193 2498 suo
1219 2455 1334 2523 quae·

368 2574 456 2619 rens
484 2547 628 2634 orbem,
658 2559 834 2622 virtute
850 2559 1041 2638 pariter
1058 2563 1105 2620 et
1128 2563 1332 2635 consitio.

270 2649 273 2660 ¹
375 2667 442 2740 Cn.
477 2670 698 2762 Pompeius,
733 2651 896 2741 alterum
934 2649 1052 2741 iniere
1087 2675 1333 2764 comulatam,

371 2789 437 2883 qui
457 2813 576 2882 neque
591 2792 737 2882 petitus
762 2791 915 2860 leonaste
937 2788 985 2858 ab
1010 2791 1077 2881 iis,
1101 2816 1222 2886 neque
1242 2818 1334 2887 pro-

371 2907 545 2978 habiliter
560 2922 692 3002 gestus
719 2912 809 2978 est.“
1078 2897 1082 2902 ⁴

260 3057 313 3132 Ita
329 3060 460 3160 optime
480 3031 605 3132 Caesar
632 3039 741 3158 quem
759 3085 917 3160 semper,
940 3081 980 3130 nt
993 3049 1057 3156 par
1077 3080 1139 3153 est,
1166 3059 1333 3134 laudibus

264 3181 362 3250 effert
385 3179 547 3252 Velleius
570 3179 796 3276 componitur
819 3201 904 3252 enm
928 3179 1099 3278 Pompeio
1122 3179 1330 3280 crassoque,

263 3327 353 3409 ,quos
391 3325 503 3400 quum
539 3296 610 3369 hoc
640 3298 716 3396 ipso
741 3300 824 3372 loco
860 3301 999 3370 macula
1036 3321 1215 3398 aspergat,
1256 3301 1330 3373 aliis

262 3445 406 3526 quoflue
435 3418 521 3490 locis
551 3415 648 3490 haud
684 3445 763 3490 raro
794 3417 917 3517 carpit.
970 3417 1093 3519 Itaque
1118 3449 1333 3520 quamquam

261 3561 299 3616 et
330 3539 442 3614 codex
475 3537 799 3632 Amerbachianus,
841 3561 875 3611 et
909 3537 1015 3611 editio
1048 3539 1214 3640 princeps
1246 3565 1332 3614 con·

263 3665 386 3734 sulum
421 3657 582 3750 exhibet,
614 3677 730 3730 tamen
763 3657 821 3732 vix
854 3656 1004 3730 dubium
1030 3679 1099 3750 est,
1136 3659 1223 3757 quin
1249 3658 1286 3731 h.
1305 3660 1333 3734 l.-

262 3779 301 3852 in
331 3804 372 3853 eo
405 3804 511 3878 quern
537 3776 699 3849 librarius
732 3775 851 3849 Murh.
886 3776 1104 3874 transcripsit
1136 3777 1215 3852 cod.
1246 3780 1332 3852 seri·

262 3915 365 3997 ptrun
385 3897 504 3970 fuerit:
539 3907 706 3984 „eonr.“
776 3896 836 3968 Sic
861 3895 1008 3968 Burerio
1031 3917 1065 3969 et
1093 3897 1332 3972 Amerbachio

262 4012 407 4091 testibus
429 4028 532 4116 'pap
552 4041 657 4092 versu
676 4021 718 4090 15
739 4015 881 4114 legitur:
906 4015 1071 4114 fabioque
1101 4015 1202 4091 decio
1225 4043 1330 4092 mure

250 4156 391 4239 quarto
423 4135 570 4232 CONS;
609 4137 659 4209 sic
693 4135 822 4208 eodem
850 4134 998 4208 Burerio
1030 4157 1174 4209 auctore
1203 4137 1242 4236 in
1270 4139 1330 4213 vel

261 4275 380 4331 terum
404 4253 586 4328 codicibus
609 4255 787 4356 plerisque
813 4254 920 4328 scribi
940 4255 1092 4330 solitum.
1145 4255 1253 4330 Unde
1277 4258 1329 4330 fa-

261 4377 394 4451 cillime
417 4373 611 4474 colligitur,
637 4372 820 4476 quomodo
848 4402 890 4449 ex
911 4392 1000 4453 voce
1023 4387 1119 4450 cotta.
1140 4403 1330 4480 perperam
