3044 5150
268 784 411 873 peracta
444 773 539 846 omni
571 770 820 867 impressione,
857 778 893 840 et
924 767 1018 867 tppis
1051 766 1119 838 iam
1156 765 1340 863 discussis,

269 886 355 960 folia
391 909 482 956 nova
519 882 705 982 denuoque
743 880 947 982 compositis
980 883 1074 981 typis
1112 894 1190 954 orta
1228 909 1342 982 eaque

269 997 504 1074 emendatiora
537 995 718 1081 inlocum
746 995 896 1068 aliorum
922 994 1110 1068 substituta
1136 997 1217 1073 sint.
1276 997 1340 1068 ni-

268 1126 353 1188 cunt
388 1112 497 1212 igitur
533 1121 718 1208 usurpatas
754 1135 831 1184 esse
870 1107 1010 1182 chartas
1043 1107 1122 1181 illas
1155 1136 1244 1209 qums
1274 1135 1341 1186 uos

266 1227 414 1302 dicimus
445 1223 671 1319 ‚‚Gartons.“

322 1455 326 1462 Ι
354 1359 464 1455 Quod
493 1362 635 1432 omnino
668 1383 822 1456 unquam
846 1357 979 1430 factum
1009 1383 1088 1432 csse
1116 1384 1249 1458 negare
1279 1359 1340 1428 vix

267 1478 395 1549 ausim:
433 1500 478 1547 ex
513 1486 633 1546 nostra
676 1497 761 1544 vcro
795 1471 1036 1544 Berolinensis
1073 1471 1225 1570 exempli
1260 1497 1339 1544 cum

266 1588 532 1687 Hamburgensi
553 1587 739 1659 collatione
755 1584 844 1657 illud
868 1611 933 1684 pro
957 1598 1137 1684 comperto
1158 1584 1341 1674 hbemus,
1441 1600 1445 1606 ’

267 1705 503 1777 correctiones
530 1699 610 1774 illas
632 1726 703 1772 non
726 1711 809 1798 post
835 1709 939 1800 typos
965 1700 1034 1771 iam
1057 1700 1247 1791 discussos,
1278 1696 1341 1770 sed

168 1827 169 1832 ’
265 1820 302 1888 in
327 1819 413 1914 ipsis
428 1815 559 1890 tabulis
581 1816 707 1888 ferreis
722 1815 816 1914 tppis
831 1817 937 1887 etiam
953 1815 1098 1887 consitis
1116 1815 1228 1886 factas
1253 1839 1339 1888 esse.

266 1930 428 2030 Singulis
458 1931 613 2032 enimin
642 1929 782 2028 paginis
810 1927 951 2026 singula
974 1928 1084 2002 verba
1111 1926 1343 2027 singulaeque

155 2089 157 2092 ·
266 2044 388 2118 literae
420 2043 540 2118 eadem
570 2046 606 2115 in
634 2069 705 2116 uno
735 2069 806 2140 qna
834 2045 872 2114 in
898 2040 1009 2114 altero
1038 2031 1199 2142 cremplo
1228 2042 1341 2113 forma

267 2170 367 2254 suut3
401 2157 494 2232 idom
520 2161 558 2231 in
587 2155 738 2256 singulis
767 2153 930 2230 versibus
958 2155 1148 2230 verborum
1174 2179 1343 2228 numerus

266 2286 341 2365 est,
370 2270 494 2346 eodem
522 2270 627 2342 modo
662 2268 832 2367 abruptae
863 2282 946 2344 sunt
973 2297 1100 2364 voces,
1132 2269 1253 2344 eodem
1280 2265 1340 2339 ab·

265 2385 452 2460 breviatae.
512 2383 634 2476 Quare
663 2384 815 2458 sortasse
837 2384 985 2458 interest
1006 2382 1342 2485 bibliographornm‚

265 2499 481 2597 disquirere,
512 2523 558 2569 an
580 2496 674 2569 idem
698 2496 795 2595 quod
820 2499 858 2568 in
872 2496 1002 2572 Velleii
1019 2498 1223 2573 Editionem
1240 2497 1344 2570 etiam

264 2614 300 2684 in
323 2611 412 2684 alios
435 2635 556 2683 omnes
574 2609 619 2683 ab
638 2609 776 2684 Eherto
799 2624 1089 2685 commemoratas
1105 2612 1216 2685 libros
1232 2610 1342 2686 cadat.

348 2743 702 2845 Trendeleohurgius
727 2746 772 2822 V.
798 2745 855 2822 Gl.
886 2774 996 2846 quum
1020 2747 1224 2845 llamburgi
1254 2757 1346 2842 esset

265 2858 349 2932 milii
380 2885 458 2932 sese
497 2857 643 2932 eandem
671 2887 746 2935 rem
780 2862 819 2934 in
849 2887 912 2932 sna
936 2856 1157 2936 Aristotelici
1184 2859 1267 2934 libri
1301 2860 1345 2932 de

263 2977 383 3072 anima
401 2975 592 3072 conscripti
619 2975 771 3052 editione
797 2977 959 3076 attigisse
976 2975 1139 3052 ostendit
1190 2977 1264 3068 Qui
1279 2974 1347 3049 Vir

264 3115 346 3186 pag.
354 3086 466 3162 xvfl
494 3138 519 3182 „
530 3089 700 3183 larentia,
724 3091 858 3187 inquit,
876 3116 990 3190 nuper
999 3090 1045 3166 V.
1056 3090 1104 3164 l).
1120 3091 1160 3192 *)
1181 3091 1252 3188 ¹qui
1270 3113 1347 3160 esse

265 3201 420 3299 aliquam
457 3203 699 3301 exemplorum
726 3199 940 3276 Aldinorum
979 3205 1248 3304 discrepantiam
1285 3201 1360 3274 do·.
1461 3294 1464 3299 ι

266 3339 351 3390 cens
371 3313 553 3414 duplicem
581 3317 847 3416 impressionem
873 3322 1080 3394 statueretfl

279 3483 287 3496 ·
351 3448 580 3524 Petersenius
606 3475 761 3550 quoque,
795 3477 899 3551 quem
924 3451 1068 3526 laudare
1096 3454 1212 3553 p'dor
1240 3461 1348 3541 vetat,

266 3564 421 3639 conferri
444 3565 547 3636 iussit
573 3563 722 3638 Beckeri
745 3565 900 3659 librum,
931 3569 1139 3666 inscriptum
1167 3567 1349 3640 Litcratur

266 3678 329 3752 des
344 3676 628 3774 Demosthenes3
658 3679 702 3751 P.
714 3682 743 3754 1.
764 3679 883 3778 p.86;
913 3681 957 3757 P.
969 3681 1018 3757 Il.
1040 3709 1074 3780 p.
1088 3689 1162 3758 221
1187 3692 1222 3752 ct
1242 3679 1347 3751 Hoff-

264 3795 383 3865 manni
403 3793 540 3866 lexicon
571 3792 655 3867 Vol.
673 3794 723 3869 ll.
754 3823 788 3893 p.
808 3801 943 3872 11-13.
1002 3791 1090 3867 Adii
1113 3795 1215 3866 etiam
1235 3791 1349 3866 Eber-

266 3917 341 3979 tum
356 3907 401 3978 ad
422 3934 517 3982 num.
538 3905 647 3980 5956
666 3909 812 3981 eandem
831 3935 906 3980 rem
929 3919 1147 3983 tractantem.
1172 3897 1175 3904 ⁵
1205 3907 1348 3981 Descri-
1416 3997 1419 4003 Ι

266 4019 400 4093 huntur
430 4024 521 4094 enirn
552 4019 608 4094 his
637 4019 725 4096 locis
754 4034 789 4096 et
817 4025 855 4096 in
885 4047 1031 4096 examen
1057 4034 1228 4096 vocantur
1259 4022 1348 4091 duae

270 4147 392 4207 tresve·
426 4130 582 4208 Aldinae
622 4135 873 4210 Demosthenis
908 4134 1089 4213 editiones.
1154 4137 1283 4212 Varias
1313 4141 1348 4203 et

311 4309 338 4377 *)
375 4312 446 4376 „ne
466 4311 631 4366 noueram
658 4312 686 4367 a
704 4312 802 4368 ramiro
824 4312 934 4367 waere
954 4313 1053 4368 aaran.
1083 4313 1157 4372 18³1
1191 4306 1285 4363 roae.
1301 4309 1351 4363 2⁶⁴

371 4393 607 4465 Trcndelenburg.
