3048 5152
285 573 357 648 tta

282 789 356 838 osse
388 783 580 838 monuerat.
644 761 736 836 Dico
768 787 858 862 quae
884 789 992 863 supra
1019 764 1203 862 leguntur:
1242 761 1353 836 Nulla

281 881 453 956 festinatio
484 881 588 954 huius
617 881 684 956 viri
705 882 919 955 mentionem
941 881 1141 982 transgredi
1164 880 1289 975 debet3
1319 901 1354 954 et

282 1003 326 1075 al.
341 1002 439 1076 loco:
452 1045 503 1060 -
522 1001 733 1078 Consulatus
749 1001 918 1096 Caesaris,
942 1004 1006 1103 qui
1023 1004 1190 1078 scribenti
1210 1029 1353 1076 manum

285 1120 395 1196 iniicit
411 1142 446 1218 et
462 1123 655 1219 quamlibet
679 1123 902 1197 festinantem
920 1123 959 1195 in
979 1148 1016 1196 se
1032 1122 1166 1196 morari
1188 1123 1293 1222 cogit.
1305 1165 1355 1184 ·-
1390 1187 1393 1194 .

282 1241 368 1314 Dux
390 1262 507 1315 autem
525 1242 587 1339 qui
601 1241 638 1316 b.
658 1244 681 1314 l.
706 1242 834 1316 dicitur
848 1243 965 1316 Varus
989 1263 1057 1336 est,
1078 1270 1152 1316 non
1172 1241 1355 1338 Tiberius3

282 1360 322 1434 id
342 1360 439 1458 quod
459 1362 562 1434 etiarn
585 1379 660 1435 toto
681 1363 895 1464 insequentis
917 1364 1123 1460 narrationis
1137 1347 1263 1437 tenore
1282 1363 1356 1438 veri

283 1481 503 1554 simillimum
530 1479 697 1586 redditur.
800 1533 802 1537 -
855 1541 858 1547 .

359 1619 522 1694 Verbum
534 1618 746 1718 indulgendi
766 1621 915 1693 neutrali
936 1647 1038 1694 sensu
1059 1621 1216 1720 positum
1230 1601 1352 1724 quim·

284 1741 336 1816 vis
359 1766 433 1813 non
460 1739 611 1814 babeam
642 1741 740 1841 quod
766 1745 929 1841 exemplo
954 1745 1074 1844 aliquo
1103 1770 1145 1816 cx
1169 1743 1248 1842 ipso
1270 1741 1355 1818 Vel·

284 1860 354 1933 leio
388 1859 578 1962 desumpto
611 1863 842 1956 confirmem,
880 1881 997 1935 tamen
1024 1862 1355 1962 lexicographorum

284 1982 488 2056 auctoritate
522 1978 655 2055 nititur.
725 1982 777 2053 De
807 1982 978 2054 sententia
1014 2002 1133 2056 autem
1167 2007 1354 2081 compares

283 2129 373 2202 quae
397 2105 491 2176 infra
515 2101 699 2199 leguntur:
737 2104 860 2196 „Quis
885 2128 960 2174 non
983 2104 1142 2174 miretur
1160 2106 1356 2176 Fortunae

283 2225 588 2322 indulgentiam?
595 2229 619 2272 “

352 2385 471 2460 Huius
497 2384 877 2461 commentatiunculae
903 2384 939 2455 in
965 2385 1038 2457 fine
1066 2382 1237 2478 ostenda,
1273 2385 1356 2458 satis

281 2504 384 2580 facile
416 2527 501 2605 post
523 2534 553 2580 v.
578 2508 760 2603 epistolae
783 2487 943 2578 excidere
962 2503 1117 2607 potuisse
1145 2529 1271 2578 vocem
1299 2507 1355 2576 al-

283 2631 388 2698 latae
410 2627 563 2719 (allae),
597 2626 767 2698 nimirum
792 2625 839 2696 ob
864 2624 1048 2698 literarum
1077 2623 1352 2698 similitudinem.

284 2744 531 2831 Quamobrem
560 2735 623 2818 sic'
642 2743 741 2817 hunc
771 2745 892 2817 locum
923 2743 1210 2818 constituendum
1243 2745 1355 2819 conii·

282 2865 414 2938 cimus:

296 3079 299 3086 Δ
383 2987 591 3076 „Tamum
620 2987 724 3082 quod
744 2984 918 3057 ultimam
941 2986 1175 3079 imposuerat
1205 2987 1354 3057 Panno·

383 3112 467 3180 nico
515 3108 572 3176 ad
605 3105 820 3177 Delmatico
862 3103 956 3176 bello
999 3103 1145 3175 Caesar
1187 3131 1354 3198 manum,

384 3253 468 3300 oum
498 3228 602 3297 intra
630 3227 793 3322 quinque
824 3211 1072 3296 consummati
1105 3225 1205 3295 tanti
1228 3225 1355 3318 operis

384 3352 465 3422 dies
479 3347 666 3440 funestae
690 3371 735 3416 ea
766 3343 976 3415 Germania
1003 3346 1187 3440 epistulae
1212 3345 1356 3414 allatae

325 3527 329 3534 .
384 3469 484 3540 caesi
518 3468 616 3538 Vari
646 3467 995 3560 trucidatorumqae
1022 3464 1212 3561 legionum
1241 3465 1356 3535 trium

384 3591 613 3684 totidemque
635 3586 786 3654 alarum
807 3597 845 3654 et
866 3611 930 3655 sex
947 3583 1178 3676 cohortium,
1198 3585 1356 3654 velutin

384 3711 455 3780 boc
476 3709 578 3779 saltu
607 3708 867 3776 tantummodo
893 3702 1000 3774 nobis
1027 3703 1242 3798 indumenta
1259 3703 1355 3772 For·

386 3841 494 3920 tana,
522 3851 549 3895 a
573 3851 633 3896 me
661 3827 748 3896 licet
775 3835 954 3918 occupato
984 3824 1089 3894 dacis
1117 3836 1155 3894 et
1180 3846 1299 3905 causo
1316 3809 1360 3890 et¹

377 3971 546 4045 persona
568 3970 715 4016 moram
736 3947 883 4040 exigit.“
