3044 5150
147 597 294 674 'aa

248 806 380 890 puncta
394 788 499 862 fnisse
512 791 548 862 in
561 787 685 862 codice
694 789 900 862 Murb.“--
922 788 1086 895 Rhenani
1102 789 1197 862 enim
1214 791 1319 862 verba

246 910 329 1003 ille,
362 913 527 982 codicem
550 911 699 982 omnino
720 909 862 1004 absque
879 913 1032 1000 ponetis
1046 923 1083 980 et
1108 910 1318 980 dictinctio-

246 1010 355 1104 'nom
370 1033 456 1102 aare
468 1034 617 1123 fursee,
631 1029 733 1102 ,nna
759 1029 826 1100 nat
851 1029 984 1128 ipsam,
1021 1055 1112 1130 quae
1136 1028 1242 1127 vulgo
1265 1026 1318 1100 ai-

247 1151 356 1243 citnr,
380 1151 704 1250 interpunctionem
730 1151 993 1248 grammaticam
1023 1169 1192 1250 spectant.
1242 1151 1319 1244 Ap·

246 1293 359 1374 paret,
383 1270 586 1370 deponetis
607 1269 789 1369 signisque
813 1269 884 1344 illis
903 1270 1141 1372 diplomaticis
1157 1270 1195 1342 in
1218 1254 1321 1342 nullo

247 1419 320 1466 non
347 1389 468 1464 codice
489 1390 601 1464 obviis
627 1415 672 1462 ne
698 1389 853 1487 potuisse
877 1390 1022 1489 quidem
1048 1391 1203 1490 cogitare
1223 1386 1320 1488 Rhe,

246 1537 388 1584 nanum.

273 1720 284 1728 ·’
326 1697 428 1786 Quae
445 1723 556 1797 quum
576 1695 622 1768 ita
644 1697 730 1790 sint,
756 1698 846 1772 nihil
872 1701 1003 1788 obstat,
1029 1698 1114 1795 quin
1139 1695 1207 1770 hac
1228 1697 1264 1768 in
1281 1719 1318 1770 re

247 1818 433 1894 aBurerio
462 1817 576 1914 (cuius
600 1815 712 1889 fidem
735 1839 872 1890 tantum
890 1819 1198 1917 diligentiamque,
1227 1815 1318 1888 iudi·

247 1939 343 2015 cium
379 1965 453 2011 non
485 1939 533 2009 ita
568 1939 686 2036 magni
716 1937 882 2026 fecerim)
918 1936 1119 2010 recedendo
1145 1936 1319 2009 medelam

246 2063 431 2134 afferamus
449 2056 572 2150 textui,
596 2057 658 2155 qui
683 2085 782 2129 nunc
804 2078 864 2150 est,
889 2057 1150 2133 Velleian0.-
1183 2055 1319 2142 Quam·

246 2183 390 2271 obrem,
419 2173 660 2268 mihicrede,
692 2176 748 2249 his
772 2177 1028 2252 exordiendum
1055 2202 1104 2253 est
1129 2181 1210 2254 libri
1236 2183 1319 2254 alte·

245 2301 319 2376 rins
345 2319 452 2398 caput
470 2299 532 2369 26:
565 2290 725 2368 Deinde*
746 2301 847 2371 Coss.
880 2302 1004 2373 Carbo
1021 2304 1094 2374 III.
1139 2301 1318 2396 Haerebit,

245 2423 283 2494 ni
304 2420 429 2510 fallor,
454 2443 548 2487 unus
569 2417 700 2490 alterve
732 2419 769 2490 in
797 2446 858 2512 eo,
892 2420 992 2520 quod
1017 2420 1213 2520 legendnm
1238 2451 1317 2495 sna·

244 2541 391 2614 deamus
419 2535 556 2629 COSS,
583 2565 696 2636 quum
729 2538 767 2611 in
794 2539 870 2638 ipso
904 2539 1029 2612 codice
1067 2543 1211 2616 nonnisi
1245 2564 1315 2616 tres

244 2661 325 2734 illae
352 2659 473 2731 literae
500 2653 613 2730 CON.
637 2659 847 2751 exstiterint,
877 2689 964 2763 quas
988 2662 1153 2736 Burerius
1181 2666 1257 2764 ipse
1280 2667 1316 2738 in

238 2777 349 2854 008.
403 2775 591 2850 mutandas
626 2781 801 2874 statuerit,
843 2783 904 2855 sed
938 2783 983 2854 ad
1022 2811 1098 2884 pag.
1122 2787 1178 2856 65.
1213 2815 1244 2860 v.
1273 2791 1316 2859 23

243 2899 427 2976 Burerius:

351 3079 457 3141 „nec
483 3081 542 3125 me
558 3059 669 3150 jugit
677 3110 688 3147 ,
722 3056 859 3157 inquit,
893 3063 1078 3153 quomodo
1115 3063 1154 3132 in
1187 3061 1319 3133 veterii

354 3175 541 3244 codicibus
560 3179 758 3272 plerisque
780 3177 986 3266 scribatur,
1011 3183 1050 3251 in
1076 3181 1209 3276 quibus
1234 3208 1318 3253 con·

353 3297 416 3366 sul
435 3296 489 3365 sic
514 3293 577 3367 coc
611 3301 778 3378 consules
808 3324 896 3368 vero
921 3303 974 3370 sic
1004 3301 1150 3373 CONS.
1174 3299 1318 3398 scriptia*

353 3417 544 3509 reperio.“
