3048 5152
511 889 765 990 onum
796 894 959 990 1111.

480 1062 547 1115 Vell.
559 1062 595 1130 Π,
609 1059 659 1122 74,
679 1060 707 1113 2.
731 1079 758 1132 p.
772 1057 809 1112 94
834 1061 875 1115 ed.
898 1062 981 1116 Orell.

274 1212 402 1288 „Modo
423 1214 509 1296 apud
527 1225 692 1276 veteranos
709 1213 886 1276 criminante
908 1211 1090 1290 Caesarem,
1110 1217 1200 1278 niodo
1218 1237 1272 1278 cos

193 1320 247 1400 qui
265 1322 346 1384 ,itote
358 1318 508 1380 diobimtc
520 1319 720 1400 praedionon
733 1352 771 1364 —
789 1335 883 1398 affine
899 1320 1078 1392 amiserant,
1101 1321 1146 1382 ad
1160 1327 1272 1382 mmo“
1341 1345 1349 1360 ’

192 1429 243 1482 Ed.
262 1446 303 1498 pr.
322 1427 411 1498 1t43.

631 1581 636 1594 t
688 1569 780 1594 ===

192 1671 285 1779 Aut
311 1704 588 1804 relinquendum
610 1702 707 1800 quod
731 1703 798 1775 Ed.
826 1733 882 1803 pr.
908 1703 1049 1776 exhibet
1074 1708 1189 1798 iuste,
1212 1727 1272 1781 aut

194 1823 426 1898 scribendum
457 1825 524 1897 erit
562 1821 658 1895 aliud
691 1849 798 1922 quam
835 1823 935 1922 quod
966 1824 1143 1897 Krausius
1178 1830 1270 1903 vult:

192 1947 312 2041 iusta3
346 1971 458 2045 quum
488 1963 627 2018 tantum
660 1947 688 2016 si
717 1943 805 2045 quid
836 1963 916 2014 ante
942 1944 1070 2016 iniuste
1096 1948 1271 2044 possedis-

192 2083 270 2137 sent
299 2064 490 2167 Campani‚
534 2070 635 2137 iusta
663 2065 685 2135 i.
708 2089 738 2138 e.
776 2089 887 2164 aequa
919 2065 1069 2164 parique
1103 2093 1271 2164 agrorum

192 2184 366 2260 divisione
390 2185 525 2283 aliquid
550 2183 711 2258 amissuri
729 2185 837 2257 luisse
862 2183 1060 2260 videantur.
1114 2186 1189 2259 Sed
1207 2188 1270 2260 ad-

189 2307 359 2382 iectivum
384 2312 486 2378 iusta
523 2304 758 2397 redundaret,
796 2331 909 2404 quum
937 2331 1012 2377 non
1046 2310 1147 2378 iusta
1180 2307 1269 2382 divi·

189 2429 309 2522 sione,
337 2427 400 2500 sed
426 2429 502 2529 ipsa
528 2426 678 2500 omnino
701 2427 876 2501 divisione
901 2454 1003 2525 agros
1027 2456 1110 2501 suos
1135 2430 1267 2503 amisis·

187 2568 266 2620 sent
289 2573 381 2646 quos
409 2545 457 2618 ad
487 2575 584 2619 arma
606 2546 788 2620 concicrat
815 2547 1006 2620 Antonius.
1065 2549 1191 2647 Neque
1218 2570 1269 2624 est

78 2734 80 2739 .
190 2667 291 2765 quod
332 2667 377 2739 de
411 2669 489 2740 solo
522 2666 702 2766 scriptoris
737 2664 870 2739 iudicio
907 2666 1006 2763 quod
1039 2671 1262 2745 contineatur

191 2786 365 2862 adiectivo
408 2791 508 2859 iusta
540 2788 757 2886 cogitemus,
799 2814 912 2886 quum
956 2787 1047 2861 illud
1078 2790 1107 2862 si
1137 2777 1267 2864 statuas

190 2905 314 2979 eadem
333 2908 438 3007 plane
462 2909 595 2982 ratione
614 2907 821 2983 adverbium
839 2910 936 2978 iuste
957 2908 1109 2982 retinere
1132 2913 1266 2985 liceret

190 3027 435 3116 Quamobrem
460 3026 661 3127 legendum
678 3028 859 3128 suspicor:

286 3154 429 3236 „modo
449 3173 532 3233 eos,
561 3151 625 3244 qui
644 3152 748 3220 iussu
775 3151 855 3219 eius
878 3149 1062 3219 divisione
1084 3174 1266 3244 agrorum

287 3274 530 3344 amiserant.“

184 3394 227 3467 In
249 3419 322 3494 quo
348 3392 406 3466 vix
432 3416 558 3465 vereor
583 3415 629 3462 ne
656 3390 858 3464 temeritatis
889 3390 1069 3488 postulor,
1095 3414 1206 3485 quum
1227 3405 1263 3459 et

184 3516 336 3617 syllabae
364 3513 485 3612 quales
514 3540 554 3583 se
579 3511 717 3609 saepius
749 3509 941 3584 exciderint
967 3509 1004 3580 in
1033 3506 1110 3581 cod.
1141 3507 1261 3581 Murb.

184 3633 407 3733 (memineris
429 3661 462 3707 v.
474 3662 504 3705 c.
525 3631 619 3704 illius
640 3633 872 3726 desideras),
903 3652 938 3703 et
958 3654 1158 3730 pronomen
1182 3631 1263 3700 eius

183 3755 256 3826 fere
288 3779 353 3853 per
383 3752 639 3851 compendium
672 3753 863 3843 scribatur3
903 3769 1006 3845 atque
1037 3792 1085 3806 -
1111 3748 1179 3820 nisi
1214 3746 1261 3820 de

183 3872 400 3972 compendio
416 3851 608 3947 vocabulae
626 3870 789 3944 eius-hic
807 3868 898 3941 mihi
918 3868 1064 3942 accedas
1079 3867 1259 3966 -aspice

180 3990 244 4065 has
269 3991 384 4063 literas
409 3992 558 4066 vicinas:
590 3993 739 4063 iuseius.
789 3989 846 4060 De
869 4013 907 4060 re
929 4009 1047 4062 autem
1070 3991 1133 4064 clr.
1162 3990 1265 4062 Suet.

179 4111 333 4185 Oct15.
