3044 5150
909 623 913 632 ·
1104 564 1251 666 Ῑιιιιι

180 733 386 858 Aristotelis
428 792 463 854 et
500 774 750 853 Demosthenis
794 775 963 852 editiones
994 801 1069 878 -pro
1100 779 1252 879 singulis

181 909 317 972 tentum
341 892 470 968 habere
499 919 544 968 ex
572 891 787 992 argumentis
817 889 932 964 allatis
959 891 1091 968 licebit.
1184 943 1190 950 .
1234 917 1236 922 ·

266 1033 348 1104 Iam.
371 1027 520 1103 candido
542 1027 667 1101 lectori
693 1025 919 1120 valedicturi,
948 1027 992 1099 de
1016 1023 1127 1100 libelii
1149 1026 1253 1104 huius
1367 1017 1371 1032 ’

181 1146 291 1222 nostri
311 1142 506 1218 rationibus
522 1167 634 1239 pauca
648 1139 750 1213 nobis
774 1140 932 1215 addenda
957 1145 1034 1214 es'se
1057 1143 1250 1241 opinamur.

150 1323 152 1329 .
179 1264 224 1336 ln
235 1259 373 1335 Velleio
396 1283 475 1330 meo
494 1256 610 1329 denuo
632 1255 847 1354 perlegendo
865 1256 1082 1329 coniecturas
1106 1253 1165 1330 hic
1181 1255 1253 1331 illic

178 1374 313 1474 legenti
339 1371 482 1446 obortas
511 1371 546 1443 in
573 1369 772 1444 adversaria
797 1396 875 1443 mea
906 1371 1140 1465 conieceram3
1169 1397 1254 1469 quo·

179 1517 259 1562 rum
296 1513 464 1559 numerus
493 1513 601 1584 quum
629 1484 714 1556 mihi
745 1484 967 1580 postmodum
1003 1485 1086 1557 satis
1118 1486 1254 1583 amplus

180 1629 258 1677 esse
294 1600 490 1690 videretur,
528 1623 599 1670 non
634 1598 799 1694 indignas
830 1598 908 1672 illas
945 1596 1052 1670 habui
1091 1625 1179 1698 quas
1217 1603 1254 1673 in

180 1715 348 1814 peculiari
377 1713 530 1810 quodam
556 1708 677 1784 libello
710 1713 913 1786 coniunctas
940 1711 1021 1789 VV.
1042 1713 1175 1785 llllrum
1202 1717 1253 1787 iu·

183 1830 275 1902 dicio
311 1825 562 1899 submitterem.
645 1823 750 1917 Ques
782 1825 917 1898 calamo
953 1839 1112 1900 exaratas
1145 1855 1253 1930 quum

181 1944 252 2014 iam
281 1937 483 2039 typothetae
510 1936 754 2028 tradidissem,
793 1966 894 2031 ecce,
923 1938 1052 2012 Orellii
1080 1941 1138 2019 ΙΙΙ.
1168 1944 1253 2020 Vel·

185 2055 274 2127 leins
298 2054 343 2126 ad
370 2079 426 2124 me
448 2053 617 2150 pervenit.
682 2051 808 2125 Cuius¹
824 2055 853 2127 si
882 2056 919 2125 in
948 2057 1026 2152 ipso
1056 2079 1255 2150 operenon

185 2195 260 2242 eam
276 2193 415 2264 semper
435 2193 541 2266 quam
560 2165 760 2238 merebatur
773 2169 944 2241 rationem
960 2165 1159 2262 imbuimus,
1174 2195 1255 2242 eon·

184 2280 331 2354 donabis
361 2280 429 2352 hoc
465 2280 548 2351 mihi
583 2281 756 2378 angustiis
791 2280 957 2382 temporis
988 2279 1090 2370 valde
1120 2307 1254 2382 presso.

140 2429 148 2447 ·
182 2392 558 2488 Animadversionibus
588 2421 677 2495 quas
705 2397 742 2466 iu
779 2394 906 2470 Orellii
942 2395 1130 2470 editionem
1170 2399 1256 2470 scri·

183 2521 262 2610 ptas
296 2508 417 2582 libello
459 2535 538 2582 meo
581 2510 732 2583 annexui
777 2523 947 2610 quantum
1000 2509 1077 2583 lieri
1119 2522 1257 2610 poterat

169 2626 314 2696 'omissa
363 2621 596 2722 neglectaque
644 2651 869 2720 compensare
911 2623 1040 2698 studui.
1130 2628 1258 2725 Neque

184 2737 312 2827 iidem,
353 2739 496 2836 opinor,
533 2765 646 2811 meam
675 2737 918 2835 addubitnbis‚
961 2765 1070 2839 quum
1107 2739 1163 2814 bis
1202 2767 1257 2812 ea·

43 2931 47 2939 ,
188 2848 268 2922 dem
306 2877 395 2948 quas
433 2852 493 2924 alii
523 2851 603 2928 VV.
629 2853 715 2930 m).
748 2855 817 2926 inm
858 2867 960 2927 autea
1005 2852 1068 2926 sed
1109 2882 1165 2927 mc
1205 2857 1257 2926 iu·

49 3011 51 3014 ·
185 2963 256 3036 scio
298 2977 552 3061 proposuerant
589 2966 810 3039 coniecturas
857 2970 894 3039 iu
938 2966 1090 3037 medium
1136 2978 1257 3065 protu-

184 3077 295 3152 ierim.

268 3209 445 3285 'subudum
480 3222 598 3284 autem
631 3209 926 3313 lithographicam
960 3211 1040 3287 ideo
1070 3211 1162 3284 libro
1199 3211 1259 3284 ad·

183 3329 379 3417 iunxi-us,
408 3323 504 3424 quod
532 3351 641 3425 quum
670 3339 791 3414 nosue
816 3328 966 3400 maxime
994 3327 1190 3417 interesset
1220 3337 1260 3398 ut

184 3429 357 3515 lectorum
382 3439 448 3512 sub
472 3438 594 3513 oculos
624 3439 881 3515 subiicereutur
898 3443 1001 3541 sigua
1022 3437 1260 3541 diplomatica,

186 3582 277 3654 quae
306 3581 327 3626 a
355 3553 498 3626 librario
524 3551 646 3630 lllurb.
676 3580 862 3654 perperam
892 3553 985 3628 lecta
1012 3566 1048 3627 et
1076 3553 1259 3648 deturpata

186 3673 410 3764 putaremus,
445 3669 578 3739 maiora
607 3666 736 3766 quibus
771 3671 828 3740 usi
856 3694 978 3742 sumus
1009 3670 1117 3765 opera
1146 3663 1258 3762 diplo-

187 3783 311 3876 matica
346 3807 418 3854 non
449 3779 619 3856 womnibus
654 3782 737 3856 VV.
762 3781 847 3856 m).
886 3793 1026 3879 praesto
1061 3805 1139 3853 esse
1168 3778 1259 3852 arbi·

187 3890 375 3966 trahamur.

267 4025 425 4100 Iudicem
459 4028 679 4128 singulorum
717 4054 739 4101 a
774 4027 877 4102 nobis
908 4039 1137 4104 tractatorum
1167 4026 1261 4102 loco·

186 4165 266 4214 rum
306 4138 537 4233 subiecimus,
573 4153 614 4216 ut
652 4168 722 4216 uno
759 4141 826 4215 sub
856 4141 994 4218 obtuitu
1025 4142 1260 4240 conspiceres,

187 4257 331 4355 qmnnm
380 4254 561 4348 scriptoris
605 4255 674 4332 loci
723 4256 826 4332 nobis
871 4284 976 4332 manu
1027 4254 1261 4331 emendatrice

190 4395 295 4468 egere
325 4366 537 4441 viderentur.
1098 4384 1100 4390 ‘
