3044 5150
1199 596 1252 670 >17

182 791 379 866 Rhenanus
395 788 494 864 dedit
513 786 848 886 interpunctionem,
870 811 978 884 quam
995 781 1128 878 dimmt,
1150 811 1255 886 prae·-

184 909 291 984 beat?
344 907 421 982 ssd
447 930 565 980 tamen
594 907 741 978 minime
772 925 919 1004 propter
944 907 1056 984 solam
1080 903 1253 980 hancin-

181 1029 485 1128 ¹terpunctiouem,
511 1048 634 1126 utpote
660 1052 703 1098 ex
723 1027 801 1124 ipso
824 1023 949 1098 codice
975 1043 1105 1110 ortam,
1142 1052 1254 1100 anno.-

182 1153 332 1247 tationes
358 1149 452 1241 illae,
478 1174 565 1247 quas
590 1171 658 1245 pro
686 1145 902 1243 argumentis
926 1145 1043 1244 posuit
1066 1145 1254 1241 Krausius,

183 1271 334 1370 scriptae
362 1289 453 1342 sunt.
524 1263 635 1353 Quod
669 1265 752 1365 ipsis
789 1263 928 1338 Burerii
965 1265 1080 1339 verbis
1108 1264 1257 1353 demon-¹

184 1412 351 1464 suemus:

286 1541 381 1636 ,Ad
406 1569 483 1639 pag.
499 1543 546 1611 60
576 1564 647 1611 ver.
672 1541 704 1609 5.
739 1553 922 1632 quantum
954 1541 993 1609 in
1016 1539 1111 1609 haec
1126 1540 1256 1628 *videa

188 1665 383 1756 Principes
397 1661 466 1732 &o
516 1658 578 1729 Ex.
603 1676 672 1728 vet.
697 1655 747 1726 sic
772 1655 896 1748 habct,
922 1655 957 1728 &
982 1679 1077 1730 recte
1099 1655 1257 1756 quidem,

186 1803 227 1852 ut
252 1779 340 1850 mihi
359 1777 508 1851 videtur.
558 1773 695 1872 Accipe
720 1801 820 1846 nuuc
842 1774 892 1847 M.
917 1777 1039 1850 Vinici
1061 1798 1197 1851 tantum
1219 1780 1258 1851 in

188 1898 284 1970 bello
319 1896 471 1986 ducem,
507 1915 681 1996 quantum
713 1893 751 1966 in
786 1918 873 1991 paee
905 1894 1004 1966 vides
1031 1900 1263 1994 prinoipem

189 2017 324 2090 luseris
350 2015 559 2089 exercitibus
582 2013 676 2087 &c.“

287 2168 412 2240 Paullo
438 2168 636 2242 accuratius
660 2169 844 2269 utriusque
870 2189 905 2242 et
934 2166 995 2240 Ed.
1026 2169 1197 2271 principis
1225 2192 1261 2244 et

187 2289 403 2368 Burerianae
419 2290 669 2365 ,annotationis
696 2288 886 2362 lectionem
918 2289 1068 2362 intuenti
1094 2312 1262 2388 patescet,

187 2407 378 2480 Bureritnn
405 2428 439 2482 et
462 2408 545 2500 hoc,
572 2433 680 2508 quem
704 2408 920 2508 transcripsi,
949 2431 985 2481 et
1004 2409 1125 2504 altere,
1154 2437 1263 2511 quem

189 2528 360 2604 Krausius
391 2549 676 2621 commemorat,
705 2529 786 2601 loco
817 2528 982 2632 lectionis
1015 2530 1263 2606 tantummodo

189 2649 393 2723 varietatem
421 2645 472 2720 de
500 2673 601 2720 more
633 2675 697 2719 suo
741 2668 942 2742 annotasse,
987 2649 1264 2750 interpunctioni

191 2793 277 2840 vero
304 2767 430 2858 tacite,
464 2766 590 2838 eodem
618 2795 690 2866 quo
715 2768 907 2842 Bhenanus
932 2769 1011 2842 iure
1036 2799 1161 2864 usum,
1189 2799 1263 2844 ma-

192 2913 279 2956 num
317 2885 591 2959 emendatricem
625 2885 832 2959 admovisse.
864 2932 915 2945 --
964 2887 1024 2959 Ad
1048 2918 1126 2988 pag.
1151 2894 1197 2965 60
1225 2892 1265 2966 id

192 3003 366 3104 imprimis
392 3007 533 3103 agebat,
559 3026 598 3075 ut
622 3003 844 3097 ostenderet,
873 3011 1177 3103 conprincipes,
1201 3009 1266 3084 sed

184 3126 422 3221 principem,
448 3122 494 3194 ad
519 3151 597 3222 pag.
614 3129 658 3215 47
685 3124 752 3196 v.6
781 3123 834 3220 (ll
852 3127 896 3196 25
916 3125 1019 3215 extrl)
1045 3124 1099 3220 id,
1127 3148 1167 3200 ut
1188 3156 1266 3203 mo·

194 3263 313 3335 neret,
342 3271 415 3316 non
451 3247 585 3338 „intra
605 3248 771 3315 aedem“
796 3243 859 3316 sed
886 3249 1067 3332 „interea
1094 3251 1229 3322 deinde
1240 3261 1267 3296 “

192 3367 235 3438 ab
262 3365 340 3463 ipso
367 3365 491 3438 codice
516 3363 746 3464 suppeditari.

294 3539 432 3629 Quodsi
470 3538 600 3610 talibus
640 3539 856 3635 argumentis
902 3539 1125 3638 integerrimi
1166 3541 1268 3613 Beati

193 3662 357 3733 Rhenani
381 3658 491 3732 fidem
512 3659 723 3756 impugnare
744 3659 888 3751 liceret,
911 3659 1057 3752 eodem,
1086 3684 1131 3730 ne
1150 3656 1267 3734 dicam

194 3781 338 3871 maiore,
354 3780 431 3850 iure
449 3803 725 3877 provocaremus
739 3777 785 3850 ad
797 3805 849 3872 ea,
877 3805 968 3878 quae
984 3779 1030 3852 ad
1047 3805 1125 3877 pag.
1134 3784 1180 3872 47
1197 3785 1265 3855 ιδ

131 3973 136 3990 ἱ
197 3895 321 3970 docuit
332 3891 516 3970 Burerius.
572 3897 645 3971 Sed
668 3897 740 3972 hoe
756 3925 900 3999 quoque
922 3901 1004 3973 loco
1029 3900 1212 3972 absentem
1226 3900 1265 3973 in

195 4015 274 4088 cod.
292 4016 409 4088 Murb.
425 4018 591 4116 copulam
606 4019 687 4092 voci
704 4045 820 4114 agros
835 4017 1101 4111 adhaerentem,
1117 4021 1266 4094 minime

195 4137 392 4210 variantem
444 4139 775 4236 interpunctionem
819 4159 978 4213 notatam
1027 4165 1100 4214 esse
1150 4142 1267 4214 nullus
1311 4125 1315 4136 ’

194 4255 332 4331 dubito.
397 4256 445 4330 Et
469 4255 560 4328 nihil
585 4279 654 4352 est,
682 4258 783 4359 quod
808 4259 1055 4336 animadvertit
1078 4260 1269 4336 Kransius:

197 4403 248 4471 „s
268 4375 360 4451 inter
378 4396 481 4450 notas
497 4402 740 4474 numerorum,
771 4407 799 4454 s.
807 4401 888 4480 post
905 4381 1123 4457 abbreviatas
1139 4385 1270 4456 νοοοειι

980 4491 1001 4552 2
