3048 5152
268 564 341 644 138

268 771 347 832 tide
362 757 542 850 sentinae
565 753 722 847 eminet,
742 753 905 858 propria
928 752 1050 826 latu!
1065 789 1111 810 ·-
1134 748 1346 830 'Similitudo

267 905 322 954 vv.
341 881 520 972 sentinae
547 895 583 948 et
602 876 741 948 eminet
767 873 804 946 in
832 871 956 946 ocrrlos
981 870 1138 947 incurrit.

598 1167 601 1172 Ι
667 1053 748 1154 Pag.
763 1061 815 1132 47.
839 1081 872 1127 v.
886 1060 938 1130 14.
978 1003 981 1014 ·

363 1181 419 1280 11,
441 1209 495 1279 27.
516 1209 546 1257 1.
588 1184 650 1254 vir
670 1223 722 1239 -
738 1175 997 1280 penitusque]
1043 1177 1142 1256 Fort.
1167 1181 1235 1282 leg.
1272 1183 1346 1254 Vir

267 1307 387 1382 animi
399 1305 661 1398 fortissimus,
693 1299 852 1399 bellique
868 1301 1137 1400 peritissimus.

677 1482 758 1555 Pa.
817 1535 826 1554 .
876 1536 886 1557 .
922 1537 931 1558 .

366 1613 415 1708 ll,
433 1615 488 1686 28.
509 1635 540 1685 n.
593 1605 629 1686 N
631 1635 679 1684 on
699 1492 817 1710 pitel?
830 1495 954 1684 ulmim
967 1609 1123 1708 Affella,
1148 1637 1192 1683 an
1212 1609 1346 1684 Asello

266 1737 310 1810 sit
334 1735 374 1810 in
397 1730 477 1808 eod.
500 1729 546 1806 A.

661 1885 746 1988 Peg.
764 1896 817 1967 49.
841 1917 874 1963 v.
891 1902 945 1967 10.

364 2019 412 2113 11,
429 2043 486 2112 27.
507 2019 540 2089 6.
573 2016 721 2088 sublato
749 2017 853 2118 eius]
902 2016 1107 2093 Violentior
1137 2038 1189 2089 est
1217 2015 1349 2091 Orellii

268 2140 487 2215 coniectura:
530 2135 739 2210 retinuerim
774 2137 962 2236 volgatam.
1042 2138 1164 2212 Sullae
1201 2136 1347 2238 quidem

267 2257 489 2358 temporibus
517 2255 641 2330 Sullae
674 2279 806 2330 nomen
839 2255 942 2330 etiam
975 2255 1136 2332 additum
1168 2283 1243 2332 esse
1278 2257 1350 2331 illis

267 2377 433 2454 victorine
465 2373 560 2448 ludis
595 2401 701 2450 nemo
729 2375 885 2476 negabit:
916 2375 1014 2450 unde
1047 2403 1159 2478 quum
1192 2377 1266 2477 ipsu
1296 2378 1350 2452 rei

268 2498 441 2572 memoria
463 2493 499 2566 h.
518 2491 543 2566 l.
568 2511 770 2593 repetatur,
794 2494 960 2568 facillime
984 2497 1087 2570 etiam
1112 2523 1242 2572 nomen
1263 2498 1351 2574 addi

268 2617 425 2719 potuisse
445 2611 598 2690 viderur.

530 2811 531 2818 κ
668 2775 751 2875 Pag.
768 2783 820 2854 49.
845 2803 877 2851 v.
895 2787 947 2854 18.

365 2905 490 3000 11,2u
512 2928 544 2978 2.
574 2903 803 3009 excesserat]
851 2902 950 2990 Quin
976 2925 1058 3003 post
1079 2933 1112 2982 v.
1139 2925 1350 2982 excreseeret
1394 2919 1404 2931 '

272 3025 389 3102 desint
415 3025 557 3126 aliqua,
585 3024 705 3098 nullus
728 3021 874 3119 dubito,
908 3045 943 3098 at
964 3024 1081 3099 Cludii
1105 3026 1172 3101 fuit
1197 3030 1351 3106 ieiunius

270 3169 342 3242 est,
375 3147 498 3222 malim
526 3145 681 3220 inserere
715 3157 865 3218 creatae
886 3159 990 3240 erat,
1023 3147 1274 3246 similitudine,
1309 3173 1351 3228 ut

271 3285 380 3368 puto,
405 3267 590 3341 literarum
618 3265 791 3366 elapsum.

674 3453 758 3554 Peg.
777 3465 829 3532 50.
857 3483 890 3530 v.
909 3470 942 3536 2

368 3579 557 3676 11,28.r.
596 3582 987 3675 spoliamusieranteo.
1036 3583 1162 3662 Meum
1193 3594 1283 3666 olim
1308 3594 1346 3667 in

272 3727 312 3775 ea
340 3728 447 3799 quem
471 3700 552 3804 cepi
580 3700 785 3774 coniectura
805 3729 946 3804 semper
973 3707 1062 3780 olim
1089 3713 1149 3782 usi
1173 3728 1351 3788 erentes

269 3823 496 3918 inveneram,
532 3843 721 3923 antequam
753 3821 882 3898 Orellii
912 3825 1007 3902 libro
1037 3849 1076 3902 ut
1101 3839 1237 3907 ruter'er
1266 3861 1352 3908 con·

271 3941 362 4042 tigit.

682 4085 763 4184 Pag.
778 4097 832 4164 51.
861 4113 894 4160 v.
916 4113 947 4171 ι.

373 4209 422 4305 ll,
440 4236 542 4310 19...
575 4214 721 4308 jonna
737 4214 934 4316 excellens]
957 4216 988 4290 F
989 4238 1053 4292 ort.
1068 4219 1137 4320 leg.
1171 4225 1353 4316 „Forma

273 4335 475 4420 sensusne,
502 4357 579 4406 nou
605 4359 676 4429 ea,
701 4359 778 4431 qua
799 4335 876 4425 llos
902 4345 1187 4422 commendatur
1210 4349 1354 4422 aeteus
