3044 5150
263 536 320 664 ¹ao

272 801 367 855 certa
391 779 458 852 sint
480 778 646 879 nullaque
673 779 871 852 coniectura
898 781 1101 882 indigeant,
1133 807 1174 855 ea
1201 796 1341 856 tentum

272 899 370 1001 quod
392 897 602 971 adsensum
624 901 745 973 attinet
770 902 943 975 excutiam
970 903 1225 1002 explicemque.
1258 917 1283 1005 ’ἦ

368 1090 515 1164 Constat
537 1090 650 1183 enim,
674 1089 711 1163 iu
740 1090 852 1191 prima
872 1090 1012 1190 periodi
1038 1113 1155 1191 parte,
1181 1121 1200 1164 a
1222 1095 1343 1168 verbis,

270 1233 375 1316 puta:
400 1213 549 1308 Quippe
568 1213 733 1281 dictator
754 1225 903 1284 creatus
920 1238 1033 1312 nsque
1054 1211 1098 1284 ad
1120 1213 1177 1284 illa
1194 1217 1251 1284 uti
1270 1241 1339 1310 ap·

261 1345 407 1434 pareat
412 1385 424 1418 ,
457 1351 545 1402 sarta
576 1349 666 1402 tecta
700 1356 773 1402 esse
808 1334 937 1406 omnia.
996 1335 1093 1407 Dicit
1121 1335 1230 1432 igitur
1251 1335 1337 1408 Val-

269 1455 376 1545 leius,
418 1451 538 1522 seculo
572 1447 745 1521 diutius
737 1453 968 1524 mtermissam
1003 1479 1075 1526 esse
1105 1453 1335 1528 Dictaturam.

269 1569 378 1646 Nunc
411 1590 528 1641 autem
560 1568 645 1668 quid
679 1569 762 1642 inde
793 1573 1048 1673 consequitur?
1082 1571 1170 1673 quid
1203 1573 1286 1647 iude
1315 1602 1335 1648 a
1449 1565 1453 1577 ’

268 1691 410 1766 Velleio
439 1691 603 1762 effectum
630 1689 847 1762 statuemus?
1318 1701 1322 1711 '

362 1898 581 1973 Ruhnkenio
608 1903 830 1974 assentientes
852 1904 989 2001 legunt:
1017 1957 1043 1990 ,‚
1056 1893 1119 1975 Uli
1133 1905 1333 2002 lippiae-aut,

257 2025 443 2120 populum
473 2022 519 2091 R.
563 2048 672 2094 usum
702 2025 901 2092 dictatoris
934 2025 1042 2094 haud
1072 2027 1128 2096 ita
1160 2031 1199 2097 in
1232 2042 1334 2098 metu

264 2145 544 2227 desiderasse,“
562 2141 634 2214 hoc
660 2168 783 2214 sensu:
810 2133 991 2215 Romanos
1013 2169 1090 2214 eam
1106 2145 1153 2216 ob
1175 2173 1333 2218 caussam

261 2261 396 2336 tamdiu
426 2259 653 2332 intermisisse*
673 2259 913 2353 Dictaturam,
943 2263 1024 2361 quia
1055 2290 1144 2362 quos
1174 2265 1211 2336 in
1237 2266 1331 2339 bello

261 2409 304 2456 ex
332 2383 371 2454 'ea
399 2379 583 2480 percipere
613 2398 753 2476 possent
778 2379 932 2471 fructus,
975 2380 1000 2452 ii
1031 2409 1051 2452 a
1077 2381 1240 2480 periculis
1265 2410 1330 2483 per

260 2499 408 2595 pimiam
438 2497 628 2570 Dictatoris
664 2517 869 2596 potestatem
903 2499 1057 2572 libertati
1089 2501 1174 2600 reip.
1214 2502 1328 2576 immi-

258 2619 423 2700 nentibus
455 2618 563 2714 louge
597 2639 866 2715 superarentur,
909 2618 1006 2692 unde
1038 2646 1097 2694 eos
1131 2623 1328 2720 praesentia

257 2737 416 2840 pericula
442 2736 556 2811 futuri
580 2733 779 2808 dominatus
800 2758 897 2809 metu
925 2760 1105 2838 permotos
1130 2741 1223 2814 solos
1249 2770 1328 2843 per·

256 2859 387 2932 tulisse.
435 2856 576 2948 Sensus,
594 2859 777 2950 confiteor,
802 2859 1014 2958 aptissimus,
1040 2857 1103 2931 sed
1122 2861 1325 2956 audaciore,

255 3007 363 3080 quam
389 3005 452 3080 par
479 2997 549 3065 est,
572 2977 802 3049 verboruma
828 2977 1000 3051 Rhenano
1017 2976 1229 3054 traditorum
1247 3011 1325 3054 mu·

253 3099 382 3172 tatione
406 3116 621 3196 procreatus.

336 3285 364 3358 F
367 3285 548 3357 aciliorem
564 3285 673 3383 igitur
690 3284 970 3358 emendationem
988 3287 1322 3390 circumspiciamus.

252 3405 372 3491 Quam
387 3405 488 3477 nobis
509 3404 711 3504 suppeditat
729 3407 944 3480 vocabulum
959 3405 1049 3478 illud
1068 3423 1178 3482 metu.
1212 3408 1322 3496 Quod
1354 3503 1356 3508 ι

251 3531 337 3632 poni
361 3555 429 3630 pro
457 3553 499 3600 eo
528 3526 626 3626 quod
653 3553 719 3600 nos
744 3526 913 3599 dicimus:
944 3554 1004 3600 aus
1030 3527 1184 3620 Fnrcht‚
1214 3531 1333 3624 docet¹

250 3654 317 3744 (ut
340 3649 425 3721 alios
451 3647 629 3743 omittam)
656 3647 922 3720 Baumstarlrins
947 3647 993 3720 V.
1014 3648 1060 3720 D.
1087 3648 1133 3721 ad
1160 3649 1255 3724 Caes.
1278 3651 1321 3725 B.

250 3771 293 3842 G.
316 3770 400 3860 II,1
430 3796 505 3866 pag.
523 3771 567 3838 81
597 3765 652 3840 ed.
668 3767 825 3845 Banmst.
842 3806 883 3820 -
927 3766 998 3839 Cfr.
1028 3768 1132 3840 etiam
1162 3771 1254 3844 Vell.
1273 3771 1320 3864 ll,

255 3894 378 3962 rab-r.
393 3929 443 3944 -··
474 3886 594 3977 Adde,
617 3886 716 3986 qnod
730 3907 853 3958 notum
874 3907 936 3980 est,
960 3887 1072 3958 metui
1088 3889 1163 3960 fere
1185 3891 1318 3984 futura,

245 4028 448 4107 metumque
476 4051 528 4068 -
569 4005 608 4078 id
645 4005 743 4105 qnod
780 4006 911 4104 optime
947 4027 1028 4104 post
1060 4008 1316 4082 Ruhnkenium

246 4127 366 4202 docuit
390 4126 634 4200 Kraurius-
661 4151 735 4198 esse
768 4126 1072 4264 propemodum
1062 4157 1084 4202 1.
1107 4157 1141 4230 q.
1165 4131 1314 4254 bellum.

244 4249 385 4337 Quibus
410 4247 454 4321 de
480 4246 607 4323 caussis
630 4243 825 4344 legendnm
851 4246 1022 4324 coniicio:
