3044 5150
228 559 282 643 56,

227 745 427 822 Fortunam
456 767 668 848 sequutum,
706 744 895 822 volaticam
931 743 1031 816 illam
1070 743 1316 843 mobilemque

224 867 346 971 ‚Deam
376 894 482 965 qnam
507 887 541 940 et
565 865 788 964 ipse'primo
816 865 1010 938 variantem
1037 865 1315 958 nancisceretur,

229 989 376 1064 tandem
408 990 539 1064 virtute
567 989 699 1063 vicisse.
757 987 811 1060 Ita
845 1013 951 1081 „sua
974 985 1160 1058 Caesarem
1184 985 1223 1057 in
1248 984 1314 1057 Hi-

231 1111 395 1211 spaniam
422 1114 605 1182 comitata
635 1113 809 1182 Fortuna
838 1113 939 1202 est;“
969 1133 1059 1207 quae
1085 1128 1204 1180 tamen
1228 1134 1314 1180 mox

231 1230 364 1304 iterum
392 1230 521 1323 infida,
560 1234 772 1326 „increpita
799 1243 856 1301 est
885 1256 908 1302 a
939 1227 1107 1314 Caesare,
1144 1232 1249 1323 quod
1272 1256 1315 1300 se·

230 1353 270 1420 in
297 1377 383 1420 eum
408 1364 599 1422 servasset
626 1353 810 1422 exitum.“
868 1348 1023 1421 Planum
1049 1368 1121 1442 est,
1149 1368 1226 1421 toto
1256 1375 1315 1420 ca-

125 1537 132 1548 ,
227 1470 300 1568 pite
320 1470 521 1541 Fortunam
543 1487 726 1567 tamquam
743 1470 857 1542 Deam
879 1468 1062 1541 inductam
1082 1493 1169 1556 esse,
1193 1493 1312 1567 neque

227 1617 380 1690 usquam
425 1616 491 1690 pro
539 1589 705 1661 felicitate
736 1589 773 1662 in
803 1589 1013 1664 universum
1049 1587 1209 1689 positum
1239 1613 1313 1661 esse

228 1711 448 1785 vocabulum
471 1706 573 1780 illud.

304 1849 445 1936 Quibus
471 1848 515 1921 de
542 1850 671 1922 caussis
693 1847 889 1946 legendum
913 1846 1131 1922 censuerim:
1311 1939 1313 1944 ,

333 2024 360 2056 ‚,
374 1973 542 2067 Sequens
586 1955 807 2041 'Fortunam
853 1995 966 2040 suam
1011 1971 1157 2041 Caesar
1167 2025 1184 2057 ,a
1221 1999 1312 2068 per-

334 2105 463 2162 vectus
497 2096 537 2163 in
575 2091 780 2184 Africam,
819 2118 934 2186 quam
980 2094 1099 2161 occiso
1138 2093 1313 2186 Curione,

333 2213 578 2283 Iulianarum
599 2215 691 2281 duce
705 2213 900 2305 partium,
925 2213 1151 2305 Pompeiani
1172 2213 1312 2286 obtine-

336 2333 427 2402 bant
453 2336 638 2404 exercitus
650 2384 661 2416 ,
692 2332 744 2400 ibi
761 2333 892 2426 primo
923 2334 1076 2403 variam
1103 2334 1312 2424 fortunam

334 2456 567 2548 expugnavit
594 2467 796 2538 virtuter
835 2454 1113 2548 inclinataeque
1147 2455 1312 2527 hostium

336 2574 507 2666 copiae.“

460 2935 707 3027 G'APU'I'
741 2929 1082 3025 xxxvm

572 3097 738 3168 vell.11,56.
759 3100 827 3170 pne
842 3102 881 3156 ed.
892 3101 975 3156 Orell.

303 3247 473 3322 „Pecunia
496 3272 540 3312 ese
565 3251 715 3314 mnubt'u
737 3253 805 3314 luta
828 3255 937 3336 paullo
962 3254 1093 3336 amplisu
1114 3254 1241 3314 sexiens
1257 3256 1317 3314 mi-=

223 3351 302 3413 lieres
320 3356 531 3418 sestertium-5⁶
573 3359 639 3416 cod.
658 3363 825 3417 Amerbach.
951 3359 952 3362 ’

721 3504 822 3514 1——

721 3515 822 3526 ..Ι-

223 3601 618 3733 Appian11s2²)C.H‚
650 3666 729 3713 roa.
751 3645 810 3736 95.
836 3662 1052 3734 auctorest,
1077 3625 1311 3742 χρήματα-ἕν

220 3769 296 3858 Τοῖς
320 3753 527 3872 θριάμβοις
551 3761 833 3876 παρενεχθῆναι
858 3759 1039 3876 μυριάδας
1065 3763 1104 3872 ἓξ
1124 3763 1185 3845 aul
1202 3760 1318 3869 ἥμισυ

264 3957 318 4036 ²²)
341 3965 435 4017 Minus
469 3971 543 4018 reete
579 3967 861 4036 Schweighaeuserus
890 3967 931 4021 ita
955 3969 1038 4022 vertit
1064 3965 1183 4036 Appiani
1210 3966 1309 4018 verba:

345 4038 413 4100 LX
429 4046 519 4100 millia
549 4050 717 4102 talentorum
748 4065 815 4105 cam
845 4045 973 4105 dimidio
999 4045 1118 4106 talento
1133 4051 1169 4115 ;“
1197 4047 1308 4117 optime,

348 4129 461 4196 opinor,
480 4130 616 4185 Dillenlus
636 4135 668 4184 V.
682 4135 732 4186 De
754 4131 910 4201 ‚meunzt’q
923 4137 1040 4187 teusend
1053 4134 1206 4186 Talente.,“'
1224 4133 1317 4185 Nem-¹

348 4230 399 4281 que
421 4207 466 4278 (ut
494 4215 621 4267 omittam
648 4215 822 4268 notissimum
841 4217 925 4283 illud,
962 4216 1003 4284 εἰς
1021 4209 1109 4294 ἥμισυ
1135 4231 1176 4268 =
1195 4214 1309 4268 dimidio

345 4295 465 4368 tuntum)
482 4297 530 4350 ubi
544 4298 688 4369 sexaginte
705 4299 796 4352 millia
809 4301 946 4352 talentum
959 4307 1147 4369 numerentur,
1166 4297 1311 4353 dimidium

347 4381 485 4438 talentum
503 4397 557 4436 uon
580 4389 623 4436 ert
640 4389 797 4438 memoratu
818 4383 943 4455 dignum.
