3048 5152
240 601 241 606 ’
264 597 315 672 80

341 785 463 884 Itaque
486 785 572 880 has,
599 813 687 888 quas
704 788 900 887 conspicis,
916 785 998 863 VV.
1013 787 1096 861 DD.
1114 789 1336 864 coniecturas

265 917 396 1004 (neque
423 905 518 978 enirn
539 907 595 981 vix
620 909 733 980 ullam
757 909 853 980 solus
878 907 1012 996 inveni)
1037 928 1078 992 ut
1093 905 1337 1007 diplomatices

264 1027 469 1100 anctoritate
494 1046 613 1099 tuerer
641 1029 799 1126 contigit.
842 1027 981 1115 Quibus
999 1029 1197 1126 praemissis
1219 1035 1336 1128 lacile,
1448 1045 1450 1050 ’

265 1148 418 1245 opinor,
443 1146 640 1238 concedes,
666 1149 773 1220 simili
795 1149 905 1222 modo
926 1171 1087 1250 spretum
1104 1149 1199 1224 istud
1220 1179 1251 1226 v.
1271 1180 1338 1225 no-

263 1271 358 1340 mini
377 1288 497 1339 ortum
512 1289 630 1336 esseex
648 1289 689 1336 eo
712 1265 810 1360 qnod
826 1267 915 1340 mihi
932 1266 1163 1341 scribendum
1178 1269 1337 1344 videtur:

265 1391 425 1462 omnino.
461 1385 505 1460 In
531 1411 585 1477 e0‚
611 1411 720 1484 quem
735 1387 815 1459 libr.
836 1388 956 1460 Murh.
985 1387 1182 1484 descripsit,
1212 1391 1338 1464 codice

265 1507 436 1606 scriptum
454 1527 527 1577 erat
550 1505 633 1598 0i¹¹⁰;
665 1503 755 1577 illud
781 1507 966 1599 librarius,
995 1533 1108 1605 quum
1133 1509 1252 1604 legere
1277 1511 1338 1583 de·

154 1679 156 1682 -
261 1623 392 1698 buisset
419 1627 568 1696 omnino
598 1649 665 1722 pro
690 1649 778 1698 voce
803 1628 868 1696 noi
892 1625 947 1722 (z
968 1627 1121 1722 nomini)
1146 1629 1292 1726 accepit.

360 1765 480 1851 Quare
504 1762 715 1862 legendum:

333 1886 469 1972 „Cum
493 1898 532 1955 et
553 1887 699 1954 Brutus
723 1884 875 1954 cuilibet
898 1889 1032 1957 ducum
1053 1889 1338 1981 praeferendus

332 2009 543 2090 videretur,
572 2018 609 2075 et
639 2006 817 2076 Vatinius
841 2008 935 2076 nulli
962 2010 1111 2080 omnino
1138 2034 1213 2080 non
1238 2024 1336 2082 esset

328 2128 639 2220 postferendus.“

592 2419 1000 2566 carnum

541 2623 609 2677 uel.
629 2625 666 2692 Π,
686 2623 729 2678 73.
742 2623 769 2680 2.
793 2641 821 2695 p.
838 2621 881 2675 ss.
902 2624 942 2682 u.
958 2624 1039 2678 oren.
1108 2677 1109 2680 r

289 2794 291 2798 ’
338 2767 448 2846 „Post
472 2769 603 2836 Antonii
621 2773 652 2836 Α
671 2778 818 2839 mutinam
841 2777 984 2858 fitqamfl
1025 2782 1105 2834 Haec
1127 2780 1243 2836 Buterio
1261 2788 1334 2838 terte
1363 2770 1366 2776 ¹

256 2883 316 2935 cod.
334 2883 425 2937 Murb.
466 2884 517 2938 Ed.
538 2902 578 2952 pr.
598 2903 623 2953 p.
639 2883 687 2942 43.

255 3119 568 3232 inconsideratius
608 3186 733 3233 omnes
772 3160 980 3257 plauserunt
1014 3159 1193 3254 Bureri05·
1222 3163 1332 3235 conii-

255 3276 380 3348 oienti:
411 3278 573 3350 Antonii
597 3307 623 3350 a
644 3283 798 3351 Mutina
815 3281 971 3372 fugam.
1026 3281 1207 3354 Sed—ut
1227 3283 1330 3356 omit·

256 3416 332 3470 tam
379 3396 520 3469 literam
563 3395 663 3468 illam
701 3398 935 3470 maiusculam
966 3397 1025 3486 A,
1076 3425 1150 3471 non
1199 3421 1331 3474 temere

253 3518 425 3614 scriptam
454 3545 474 3589 a
503 3515 652 3589 librario
676 3559 728 3584 -,-
763 3517 909 3589 mutatio
943 3519 1043 3590 verbi
1075 3521 1268 3591 Mutinam
1292 3521 1329 3592 in

253 3639 408 3710 Mutina
444 3637 511 3709 nisi
547 3637 741 3709 necessaria
781 3657 832 3708 est
866 3636 1029 3711 evitanda
1063 3640 1182 3737 potius
1224 3669 1331 3740 quam

253 3757 455 3853 quaerenda
482 3757 557 3830 erit
613 3757 736 3853 Itaque
766 3776 873 3830 erunt
896 3759 1062 3852 fortasse,
1097 3760 1160 3859 qui
1188 3787 1330 3833 mecum
1405 3833 1408 3838 ,

251 3875 387 3974 legant:

398 4011 489 4092 post
514 3997 675 4071 Antonii
702 4009 770 4072 ad
791 3998 992 4070 Mutinam
1020 3999 1170 4094 fugam,

252 4113 275 4189 i.
313 4140 342 4187 e.
376 4135 564 4216 postquam
595 4117 775 4192 Antonius
807 4141 920 4216 prope
949 4115 1126 4190 Mutinam
1154 4119 1259 4217 fugae
1292 4145 1330 4192 se

252 4231 360 4306 dedit
411 4233 688 4335 Praepositionis
705 4241 762 4310 ad
776 4242 887 4310 altera
906 4235 1007 4309 litera
1025 4241 1055 4310 d
1074 4239 1211 4312 exoleta
1228 4237 1328 4314 haud

252 4353 358 4430 dubie
385 4373 469 4430 erat.
