3044 5150
201 869 204 876 ,
271 815 379 888 quam
408 809 444 863 et
476 789 589 888 ipsam
621 789 806 863 distortam
829 783 1018 886 'quandem
1053 786 1240 886 formaque
1272 783 1340 857 du·
1421 879 1423 881 Ι

269 909 373 1010 plicis
394 909 517 982 literae
544 937 584 982 cc
619 925 692 1016 non
712 910 878 984 'absimili‘
904 909 1011 982 fuisse
1047 909 1204 999 constat,
1246 903 1342 978 lucili

270 1055 390 1104 errore
421 1030 611 1103 contusum
649 1053 718 1127 cst3
765 1030 978 1104 succedente
1017 1032 1164 1129 insuper
1196 1029 1296 1102 litera
1328 1031 1344 1100 i

270 1149 367 1224 vocis
393 1151 492 1242 iam,
519 1174 671 1246 quacum
695 1150 839 1248 siguum
862 1148 954 1222 illud
981 1148 1160 1222 coaluerit

368 1339 511 1412 Puncto
545 1337 673 1412 deinde
703 1340 833 1443 prioris
865 1343 988 1414 literae
1021 1343 1036 1411 i
1074 1340 1110 1411 in
1143 1366 1221 1413 voc.
1254 1340 1343 1410 aliis

271 1487 356 1533 cum
381 1485 441 1554 ea,
474 1458 533 1530 cui
559 1458 787 1558 impendebat
815 1462 908 1534 linea
944 1482 1039 1535 recta
1072 1458 1253 1559 scriptoris
1288 1457 1342 1530 in·

271 1579 369 1654 curia
388 1579 621 1670 coniuncto,
658 1608 828 1679 parumve
860 1584 903 1654 ab
930 1583 991 1654 illa
1020 1580 1175 1655 distento
1209 1581 1342 1652 lactum
1382 1567 1385 1572 ¹

270 1719 341 1792 cst,
366 1719 406 1772 ut
430 1698 523 1772 illud
548 1703 563 1771 ἰ
582 1727 649 1800 pro
668 1715 684 1772 t
707 1724 893 1802 acceptum
915 1703 1094 1777 vocabulo
1118 1703 1247 1772 maltis
1271 1697 1341 1770 ori·

270 1820 390 1918 ginem
425 1817 539 1913 daret3
578 1821 677 1920 quod
713 1851 778 1923 pro
815 1827 949 1898 multis
978 1824 1113 1895 lectum
1153 1846 1226 1894 esse
1262 1819 1344 1892 satis

270 1938 375 2014 facile
399 1938 620 2038 intelligitur.

367 2142 428 2216 Ad
453 2127 661 2217 sententiam
682 2143 754 2215 loci
775 2141 872 2243 quod
900 2143 1041 2237 attinet,
1072 2165 1208 2244 praesto
1236 2165 1286 2217 est
1305 2145 1342 2216 in

270 2281 356 2340 orat.
371 2290 461 2364 quae
477 2292 574 2336 nunc
583 2263 788 2334 inscribitur
810 2263 891 2356 „De
909 2264 1058 2363 imperio
1070 2263 1135 2337 Cn.
1147 2262 1341 2364 Pompeii.“

268 2384 415 2460 Cicero:
442 2425 487 2438 —
507 2425 553 2438 -
576 2408 710 2475 omnes,
741 2382 803 2482 qui
823 2381 956 2482 ubique
973 2382 1170 2483 praedones
1185 2385 1340 2470 luerunt,

269 2503 399 2602 partim
426 2502 520 2601 capti
549 2501 794 2602 interfectique
821 2524 921 2596 sunt,
951 2505 1079 2604 partim
1104 2503 1211 2577 unius
1235 2501 1342 2574 huius

268 2620 421 2722 imperio
454 2643 489 2694 et
529 2621 692 2720 potestati
728 2646 765 2693 se
798 2619 1044 2696 dediderunt.“
1117 2622 1342 2710 Quibuscum

270 2740 487 2816 conierenda
515 2762 596 2814 sunt
623 2741 879 2840 praecedentia.
943 2741 1072 2842 Neque
1106 2769 1207 2826 vero
1227 2743 1342 2841 negli-

270 2860 387 2964 genda
424 2882 474 2933 est
515 2855 672 2963 Appiani
703 2863 877 2954 narratio,
928 2882 1052 2962 utpote
1090 2883 1123 2935 et
1158 2865 1343 2936 accuratis-

270 2984 358 3057 sima
375 3002 408 3054 et
422 2983 465 3054 ab
481 2980 523 3054 iis
540 3009 630 3082 qnae
649 2980 871 3057 tradiderunt
888 2981 1025 3071 Florus,
1045 2981 1220 3076 Velleius,
1245 2983 1343 3056 Plut-

270 3103 396 3176 archus
420 3104 574 3173 multum
597 3101 774 3174 differens.

393 3375 492 3447 qutlius
525 3375 644 3428 fortasse
675 3393 730 3428 non
764 3381 910 3446 suppetunt
941 3376 1048 3430 maiora
1086 3375 1219 3431 eiusmodi
1250 3394 1334 3447 opere

392 3481 516 3549 Quorum
530 3494 629 3532 causta
647 3479 784 3534 ascribere
801 3479 878 3534 iurat
898 3479 970 3533 hunc
990 3478 1054 3534 libri
1072 3478 1200 3534 titulumr
1232 3481 1343 3536 Miscel-

392 3585 490 3637 lanecn
503 3582 587 3637 meist
600 3584 829 3653 diplomatischen
844 3586 961 3640 Inhults.
995 3585 1154 3640 Benrtctut
1166 3602 1220 3640 von
1231 3587 1344 3642 nonu

391 3687 528 3742 utnon.
569 3689 838 3761 Nt'unberg.1795.
