3048 5152
245 561 317 636 101

242 802 268 840 ‚,
278 752 447 834 Habuit,
474 747 612 847 inquit,
638 750 678 818 in
692 749 769 820 ΙιοοΙ
788 769 934 844 quoque
959 745 1055 817 bello
1075 743 1318 816 mediocritas

244 884 377 944 nostra
399 870 565 965 speciosi
590 869 757 942 ministri
784 870 917 941 locum.
974 861 1076 938 Haeo
1106 881 1141 935 et
1169 860 1239 934 alia
1266 859 1320 934 vi·

245 989 330 1064 dere
355 989 440 1062 lieet
460 986 557 1085 apud
579 989 821 1082 Paterculum,
845 986 937 1062 duce
961 985 1083 1060 indice
1099 981 1317 1076 Kreusieno,

242 1138 269 1184 s.
289 1137 322 1184 v.
347 1110 565 1181 Ministerii.

342 1248 469 1348 Neque
514 1269 631 1324 tamen
671 1246 1021 1346 praetermittendum
1052 1259 1123 1340 est,
1165 1245 1202 1319 in
1240 1245 1318 1320 ood.

244 1368 393 1445 Amerb.
419 1395 493 1442 uon
521 1381 719 1466 spectatus
741 1387 894 1460 exstare,
921 1365 985 1438 sed
1006 1377 1233 1463 spectatum.

499 1804 749 1896 CAPU!
795 1803 1051 1893 mu

535 1990 602 2045 Vell.
615 1990 652 2059 II,
670 1984 768 2050 10501.
782 2006 808 2059 ρ.
819 1983 868 2038 121
884 1984 1018 2042 auorslt

321 2180 345 2213 ‚‚
356 2133 431 2202 Cum
453 2163 570 2204 oannem
585 2151 714 2224 partem·
732 2139 895 2221 ospmum'
917 2147 950 2199 et
973 2137 1226 2219 periouhst'set‘mi
1248 2136 1323 2200 bella·

244 2237 362 2302 Caesar
385 2242 576 2316 vendicaret,
607 2246 640 2304 in
663 2244 703 2304 iis
729 2260 818 2323 quae
834 2241 961 2301 minoris
989 2248 1080 2300 erant
1104 2240 1319 2304 discrimittis·“

240 2348 291 2404 Ed.
312 2367 353 2418 pr.
372 2352 448 2419 1256.

728 2454 831 2490 αξ

241 2585 431 2727 Quamvis
453 2624 598 2697 minime
617 2625 798 2723 negaiim,
822 2626 971 2698 verbum
992 2621 1084 2696 illud
1107 2627 1322 2698 vindicaret

240 2739 361 2816 dativo
372 2744 433 2844 qui
451 2741 535 2818 addi
554 2746 646 2819 solet
669 2772 785 2819 carere
800 2769 923 2844 posse,
947 2761 1067 2816 tamen
1083 2745 1214 2818 absona
1229 2769 1321 2846 quae

242 2862 414 2961 sequitur,
442 2889 603 2964 praepos.
627 2869 668 2938 in
692 2866 788 2939 ultro
810 2866 913 2938 nohis
929 2863 1086 2938 dativum
1105 2868 1177 2938 sibi
1194 2870 1325 2940 offerre

241 2983 394 3058 videtur.
468 2982 644 3084 Legamus
678 2986 806 3083 igitur:
860 3011 944 3059 cum
985 3012 1133 3059 omnem
1163 3001 1321 3084 partem

239 3105 445 3197 asperrimi
460 3116 551 3200 etp.
572 3105 603 3182 b.
627 3107 773 3176 Caesar
794 3105 1007 3176 vindicaret
1027 3105 1120 3196 sibi5
1146 3108 1196 3179 iis
1212 3133 1318 3204 quoe.

241 3219 370 3319 Neque
396 3223 538 3296 obiiciat
564 3223 654 3296 mihi
679 3224 866 3324 quisquam
891 3223 1095 3297 inusitatam
1122 3225 1220 3300 vocis
1250 3227 1322 3300 sibi

240 3342 465 3443 positionem.
519 3343 622 3418 Haec
646 3342 723 3446 ipsa
748 3364 801 3416 est
828 3370 920 3446 quae
945 3344 1036 3416 mihi
1061 3343 1211 3445 quidem
1237 3345 1274 3417 h.
1295 3347 1320 3418 l.

241 3463 433 3565 perplacet.
490 3461 560 3537 Illa
579 3463 675 3535 enim
696 3465 831 3562 optime
855 3464 989 3536 extollit
1009 3455 1165 3538 Caesaris
1185 3464 1321 3560 laudes,

242 3609 354 3680 quum
381 3584 475 3657 illius
503 3583 657 3656 maxime
683 3583 721 3656 in
751 3583 845 3657 bello
868 3581 1027 3681 gerendo
1052 3584 1178 3660 merita
1210 3607 1247 3660 et
1271 3588 1322 3659 la-

240 3703 345 3783 bores
370 3705 560 3806 praedicet.
