3044 5150
157 823 280 898 quam:
306 824 349 870 ex
369 797 502 873 invidia
525 799 701 899 potentiae
715 791 760 892 dp
779 805 1041 878 aemulatione.
1082 799 1230 878 Norunt

158 937 194 990 et
218 917 280 1017 qui
304 918 429 1016 primis
450 919 554 1027 labris
575 918 806 1017 degustarunt
826 943 939 994 artem
964 922 1228 1024 diplomaticam

156 1037 298 1136 signum
321 1037 357 1110 δί
381 1065 635 1138 saepenumero
659 1038 855 1140 adaequare
882 1043 1001 1115 literae
1028 1043 1057 1115 C
1081 1046 1229 1140 maiori3

158 1183 226 1230 nec
252 1158 369 1230 minus
393 1159 515 1231 tritum
547 1181 599 1233 est
627 1181 662 1232 et
686 1162 938 1260 pervulgatum
965 1165 1229 1238 terminationes

157 1281 257 1370 atio,
285 1280 443 1369 ationis,
465 1282 631 1350 ationem
654 1281 728 1352 fere
751 1307 818 1378 per
842 1283 1057 1379 compendia
1082 1285 1225 1358 exarari.

159 1397 389 1497 Quapropter
410 1394 446 1468 h.
467 1396 491 1474 l.
518 1395 605 1470 haec
631 1403 760 1502 scripta
786 1401 928 1476 ridebat
954 1404 1115 1478 librarius
1129 1404 1230 1478 Mur·

156 1519 332 1591 barcensis:
362 1518 399 1590 dt
427 1519 613 1593 aemulioe.
679 1520 752 1606 Qui
783 1551 896 1622 quum
924 1545 1044 1596 notam
1070 1519 1102 1615 d*
1127 1525 1165 1596 in
1198 1524 1230 1596 O

157 1639 384 1738 corrupisset,
411 1639 512 1712 sicuti
533 1667 641 1740 supra
667 1668 744 1739 cap.
757 1649 801 1716 25
831 1647 991 1717 crabula
1011 1645 1048 1718 in
1073 1643 1230 1718 chartam

156 1760 287 1833 iecerat
309 1787 375 1860 pro
391 1769 428 1836 ὁ·
446 1761 599 1854 tabula3
626 1762 746 1835 literae
772 1761 923 1863 duplicis
946 1793 980 1836 oe
1005 1765 1103 1863 apice
1128 1787 1227 1839 vetu-

157 1900 244 1952 state
272 1905 371 1953 eraso
392 1883 507 1955 solum
539 1909 565 1952 a
595 1883 800 1982 conspicere
823 1883 890 1955 sibi
916 1884 1009 1957 visus
1034 1905 1102 1978 est3
1128 1885 1228 1959 deni·

156 2025 228 2098 que
256 2026 300 2071 oe
334 2002 435 2102 quod
463 2003 500 2076 in
531 2007 602 2076 fine
625 2001 819 2102 “legebatur
848 2029 973 2082 errore,
1003 2001 1132 2076 ductus
1160 2031 1228 2104 pro

157 2123 292 2221 syllaba
328 2151 363 2195 oe
411 2134 538 2220 ¹utpote
579 2125 633 2204 il'li
672 2123 852 2195 simillima
896 2123 1029 2224 cepisse
1072 2122 1226 2198 videtur.

156 2241 345 2341 Superest,
376 2264 416 2315 ut
435 2241 528 2316 illud
549 2246 710 2338 septimo
737 2243 775 2316 in
803 2247 950 2334 Quarto
977 2243 1228 2342 corrigendum

155 2389 340 2453 moneam,
368 2365 398 2436 si
425 2362 571 2464 quidem
594 2366 651 2458 (ut
678 2385 801 2436 monet
825 2364 1016 2461 Krausius)
1045 2391 1138 2436 anno
1157 2390 1226 2458 700

156 2482 305 2558 decessit
329 2483 436 2577 Julia,
467 2505 635 2583 quattuor
664 2509 749 2558 vero
777 2484 877 2556 annis
907 2504 987 2556 ante
1018 2504 1105 2583 puta
1130 2511 1226 2558 anno

158 2606 230 2700 696
263 2604 397 2676 Gallias
430 2602 569 2675 intravit
614 2601 752 2675 Caesar.
803 2595 875 2674 Sed
906 2602 1078 2700 scriptum
1109 2604 1227 2702 primo

159 2742 230 2794 erat
245 2722 317 2814 111,
335 2721 448 2823 'quod
477 2723 514 2794 in
539 2721 612 2796 VH
635 2711 809 2794 mutatum
834 2742 908 2814 est,
934 2720 1075 2795 duobus
1102 2724 1228 2798 nodsl

158 2865 224 2939 per
248 2867 404 2930 errorem
429 2841 638 2917 coniunctis.

255 3037 352 3137 Ergo
379 3061 420 3110 ut
447 3067 536 3138 qum
560 3039 713 3112 diximus
737 3068 849 3138 pauca
872 3041 1099 3138 paucioribus
1121 3043 1226 3116 etiam

159 3156 505 3259 comprehendamus
527 3161 574 3231 ita
596 3157 825 3232 scribendum
851 3160 1079 3235 coniicimus:

165 3363 168 3370 =
269 3325 421 3413 Quarto.
449 3325 582 3426 ferme
620 3350 719 3396 anno
761 3326 905 3396 Caesar
936 3325 1158 3398 morabatur
1186 3326 1227 3394 in

268 3445 423 3529 Galliis,
456 3470 540 3516 cum
564 3448 727 3516 medinm
755 3447 833 3515 iam
859 3472 904 3516 ex
929 3447 1075 3516 invidia
1094 3458 1228 3539 poten·

172 3601 174 3608 ¹
264 3566 341 3634 tiae
361 3578 398 3634 et
419 3566 672 3636 aemulatione
691 3564 756 3661 19)
781 3567 1016 3636 cohaerentis
1038 3569 1136 3635 inter
1156 3563 1222 3636 Cn.

170 3719 172 3724 ·
266 3669 487 3779 Pompeium
508 3697 545 3755 et
565 3685 605 3755 0.
625 3685 829 3755 Caesarem
852 3686 1073 3756 concordiae
1081 3685 1236 3778 pignus·

264 3802 367 3874 Julia
391 3831 486 3876 uxor
509 3805 648 3899 Magni
676 3789 842 3877 decessit.
1054 3785 1055 3796 ἵ

573 3999 804 4014 Μ

200 4195 253 4276 ¹⁹)
283 4199 363 4253 Haec
388 4199 587 4269 qualiacunque
605 4203 749 4267 postquam
772 4197 944 4263 inveneram,
964 4195 1160 4259 animadverti,
1186 4196 1224 4248 ri-

274 4303 371 4358 milem
399 4303 427 4356 in
454 4304 567 4356 modum
594 4302 665 4356 haec
682 4300 826 4356 conicum
849 4299 1010 4356 Heinainma
1039 4317 1097 4367 „ex
1120 4297 1223 4353 inridit

273 4407 414 4477 mantiae
432 4425 465 4462 sc
482 4407 623 4463 commoto
642 4404 843 4462 contemti-r
