3044 5150
1211 605 1256 680 01

182 789 253 880 hae
273 789 310 863 in
335 814 373 862 re
399 815 475 864 non
496 789 649 889 amplius
671 790 868 888 ooffl’tarim.
923 791 1261 899 circumspiciamus

182 912 290 1012 igitur
315 911 392 984 alia.

194 1069 198 1076 ⁴
283 1073 431 1147 Constat
462 1073 556 1145 iuter
592 1098 734 1164 omnes,
771 1071 822 1146 M.
846 1071 1034 1147 Valerium
1070 1075 1260 1150 Messalam

183 1195 383 1270 Corvinum
413 1193 548 1265 librum
582 1193 775 1266 confecisse
811 1191 855 1265 de
890 1194 1062 1294 Progenie
1096 1198 1259 1296 Augusti·

185 1316 312 1414 Neque
341 1336 459 1388 tamen
487 1314 638 1414 amplius
671 1303 778 1385 exstat
803 1314 893 1386 liber
917 1316 1002 1411 ille,
1038 1319 1169 1391 etenim
1199 1320 1261 1421 qui

185 1437 294 1536 vulgo
329 1461 371 1509 eo
397 1436 542 1508 nomine
568 1435 697 1527 fertur,
732 1433 874 1530 spurius
903 1455 955 1506 est
988 1456 1023 1508 et
1050 1439 1259 1540 suppositus.

183 1557 306 1654 Itaque
330 1557 478 1628 fortasse
501 1579 643 1628 mecum
670 1551 866 1651 legendum
889 1553 1073 1630 coniicies:

292 1700 473 1785 „etiamsi
487 1699 694 1794 praevenit
721 1699 886 1789 alim,“

186 1836 287 1924 Quae
310 1838 383 1912 hoc
408 1865 514 1912 sensu
539 1838 633 1912 dicta
657 1859 839 1940 putamus:

292 1982 393 2067 „De
423 1983 569 2077 origine
600 1980 768 2078 Augusti
793 1985 946 2055 tametsi
961 1986 1140 2076 sortasse
1173 1997 1262 2054 acta

293 2103 419 2171 acturi
449 2103 583 2194 aimus,
622 2128 737 2197 quum
766 2128 835 2174 noe
857 2104 933 2174 Irae
958 2104 997 2172 in
1030 2126 1073 2171 re
1095 2127 1261 2198 praeve-

293 2224 393 2291 nerit
428 2223 600 2294 Messala
637 2224 824 2294 Corvinus
864 2224 914 2316 (s.
941 2221 1031 2293 alius
1063 2222 1261 2319 quispiam)

290 2345 426 2438 paucis
448 2357 575 2414 tomen
601 2355 870 2440 exponemus.“

187 2482 289 2569 Quae
314 2511 427 2583 quum
449 2484 559 2557 literis
582 2484 825 2578 mandassem,
846 2485 918 2558 iam
949 2507 1064 2585 prope
1082 2479 1185 2554 dolui
1205 2505 1262 2554 me

185 2629 258 2676 non
291 2603 410 2704 primo
443 2605 562 2704 potius
596 2606 679 2678 loco
713 2606 870 2704 posuisse
907 2605 1054 2676 alteram
1087 2627 1193 2699 quam
1227 2621 1264 2674 et

187 2722 301 2822 ipsam
326 2723 407 2822 cepi
432 2725 682 2798 coniecturam.
735 2727 877 2799 Etenim
899 2723 998 2798 haud
1020 2722 1093 2798 scio
1120 2751 1166 2796 an
1191 2748 1264 2795 non

187 2841 298 2940 magis
321 2844 427 2915 etiam
452 2845 639 2918 Velleiana
661 2846 732 2920 sint
756 2845 862 2918 haec:

297 3039 320 3077 ‚‚
333 2986 449 3057 Cuius
470 2991 517 3058 de
534 2989 691 3082 origine,
714 2987 866 3057 etiamsi
876 2993 1136 3074 praeteriit
1148 2992 1267 3070 ime„

288 3129 421 3200 pauca
450 3108 611 3195 dicenda
638 3109 758 3178 sunt.“

187 3243 289 3331 Quae
311 3242 342 3315 si
366 3270 487 3318 revera
502 3244 633 3319 Velleii
647 3263 739 3337 sunt,
768 3244 932 3316 nituntur
949 3240 1004 3314 his
1022 3239 1182 3314 Suetonii
1193 3243 1264 3328 ²4):

187 3369 302 3461 „Ipse
336 3364 534 3460 Angustus
567 3369 666 3438 nihil
687 3369 852 3461 amplius
885 3389 991 3464 quam
1029 3361 1184 3462 equestri
1213 3361 1265 3431 fa·

187 3485 316 3577 „milia
352 3505 471 3557 ortum
503 3511 539 3556 se
574 3486 705 3558 scribit
731 3504 850 3558 vetere
882 3511 923 3557 ac
955 3484 1133 3582 locuplete
1162 3500 1196 3553 et
1226 3481 1265 3553 in

188 3634 288 3706 „qua
308 3607 448 3706 primus
476 3627 614 3679 senator
644 3627 746 3706 pater
773 3634 857 3679 suus
880 3604 1019 3678 fiterit.“
1081 3604 1264 3700 Augustus

189 3725 285 3796 euim
315 3726 413 3799 haud
445 3724 550 3798 dubie
588 3727 692 3800 certis
724 3726 769 3799 de
803 3726 916 3801 causis
948 3741 1092 3825 propter
1123 3721 1264 3821 generis

190 3871 260 3943 qna
292 3868 379 3918 esset
412 3849 681 3942 obscuritatem,
714 3866 786 3920 tam
817 3844 1002 3948 paneade
1033 3843 1169 3941 origine
1201 3868 1263 3914 sua

188 3965 310 4038 iecisse
338 3968 516 4066 putandus
545 3990 628 4042 erat.
698 3967 822 4070 Itaque
856 3964 993 4038 offendi
1024 3967 1171 4037 fortasse
1197 3989 1263 4062 po-

187 4087 255 4160 tuit
289 4077 470 4176 Tiberius,
512 4117 624 4187 quum
660 4085 759 4189 quod
799 4107 899 4186 pater
941 4086 1016 4158 eius
1044 4083 1263 4158 abscondere

186 4207 379 4314 voluisset,
413 4209 448 4282 in
487 4210 605 4282 lucem
632 4209 937 4310 protraherentur.
1003 4203 1131 4301 Neque
1167 4202 1262 4276 enim

226 4413 280 4496 ι4)
298 4421 367 4476 viee
387 4412 466 4477 Jarrt'
482 4411 643 4496 Rulqereii
660 4418 789 4473 lectiones
811 4415 903 4473 varim
924 4417 959 4470 etl
980 4415 1095 4470 (iustu.
