3044 5150
264 597 311 672 ⁴2

373 791 499 860 Divus
523 789 719 882 Augustus
742 798 899 881 praeter
924 785 1139 879 Hispanias
1164 784 1335 879 aliasque

368 920 519 1004 gentes,
550 933 712 1004 quarum
737 909 856 981 titulis
880 907 960 980 eius
976 901 1106 1000 foram
1124 905 1332 1000 praenitet,

367 1040 657 1123 pauentem
687 1055 840 1122 paene
876 1013 979 1098 ffi
1003 1028 1124 1118 facta
1159 1023 1336 1119 Aegypto

284 1177 290 1190 ·
373 1152 627 1244 stipendiaria
658 1164 839 1245 quantam
862 1163 982 1245 pater
1011 1148 1091 1218 eius
1121 1170 1166 1216 ex
1200 1146 1338 1216 Galliis

374 1270 414 1339 in
437 1271 632 1340 aerariam
652 1273 797 1341 reditas
825 1270 1017 1340 contulit.“

264 1408 376 1484 Haud
417 1400 508 1482 nihil
546 1409 744 1509 ambigam,
788 1430 911 1483 utrum
945 1405 1174 1482 scribendum
1210 1405 1254 1482 sit
1293 1432 1338 1478 ex

269 1531 407 1601 Galliis
445 1528 572 1629 (quod
608 1550 697 1629 puto
735 1530 817 1629 quia
854 1527 952 1629 apud
987 1527 1167 1600 Velleium
1207 1525 1338 1625 plurali

145 1735 148 1741 Ι
265 1673 405 1747 semper
428 1673 577 1721 numero
593 1648 729 1720 Galliae
748 1649 1009 1743 nominantur),
1038 1674 1094 1740 an,
1116 1645 1215 1746 quod
1230 1648 1337 1746 vulgo

264 1767 412 1868 legitur,
449 1769 589 1838 Gallia.
645 1765 797 1865 Reliqua
830 1788 949 1839 autem
983 1792 1073 1866 quae
1101 1764 1235 1866 protuli
1262 1765 1337 1864 q‘no

265 1886 461 1960 accuratius
492 1885 679 1986 perpendo
716 1913 758 1958 eo
792 1886 903 1984 magis
930 1929 980 1942 -
1021 1882 1059 1956 id
1091 1884 1190 1984 quod
1220 1906 1338 1986 aperte

151 2072 153 2077 .
266 2009 442 2078 confiteor
474 2049 523 2063 -
555 2005 644 2078 mihi
674 2006 814 2103 placent
841 2003 1077 2104 arridentque.
1144 2004 1198 2077 Ita
1240 2004 1338 2080 enim

265 2126 398 2226 optime
415 2125 576 2224 Augusto
601 2124 767 2197 adulatur
782 2123 818 2196 V
819 2123 958 2219 elleius3
984 2124 1106 2196 multis
1129 2125 1224 2198 enim
1244 2128 1337 2198 mul·

264 2265 385 2320 torum
412 2245 688 2318 clarissimorum
710 2241 842 2314 ducum
866 2241 1021 2317 victoriis
1043 2245 1238 2316 numeratis
1254 2243 1337 2316 Gal·

264 2364 394 2436 liarum
420 2364 674 2436 debellatarum
698 2362 879 2434 mentione
904 2362 1049 2458 iniecta,
1075 2362 1168 2436 adde
1194 2363 1233 2435 C.
1251 2362 1338 2437 Cae·

264 2483 350 2556 saris
370 2482 630 2583 fulgentissimo
646 2481 684 2553 in
705 2481 761 2554 his
782 2503 975 2581 conspecto
998 2508 1106 2583 opere
1124 2483 1339 2558 collaudato:

265 2603 464 2703 aptissime,
493 2603 639 2701 opinor,
669 2600 832 2693 additur,
866 2602 1001 2675 Divum
1028 2603 1234 2701 Augustum
1264 2632 1337 2678 non

265 2723 384 2795 solum
410 2741 444 2792 et
466 2721 583 2819 ipsum
608 2720 781 2818 plurimas
808 2739 927 2819 gentes
945 2719 1131 2814 devicisse,
1148 2722 1216 2797 sed
1235 2725 1339 2798 etiam

266 2842 393 2943 septies
421 2840 569 2914 eandem
598 2867 703 2940 quam
728 2861 867 2940 patrem
893 2843 1065 2941 pecuniae
1094 2871 1272 2918 summam
1298 2874 1338 2920 ex

265 2963 337 3037 sola
358 2962 526 3064 Aegypto
551 2961 588 3034 in
616 2959 791 3033 aerarium
816 2963 1014 3036 contulisse.

365 3117 421 3190 De
451 3115 616 3188 latinitate
646 3115 741 3187 vocis
773 3118 874 3188 idem
916 3144 1000 3188 cum
1036 3133 1219 3214 quantam
1253 3146 1338 3193 con·

265 3233 405 3308 iunctae
431 3233 492 3333 qui
514 3263 597 3308 cum
612 3233 767 3308 Krausio
791 3232 956 3308 dubitent
983 3236 1172 3331 accedent,
1198 3240 1339 3340 opinor,
1458 3296 1466 3311 .

266 3353 357 3456 milti
378 3380 421 3427 ex
444 3379 532 3426 voce
559 3353 621 3424 illa
647 3355 747 3424 idem
768 3374 869 3426 notas
890 3357 1088 3431 numerales
1101 3359 1176 3433 Vll
1199 3360 1338 3434 elicien-

266 3496 346 3548 tem.
404 3470 556 3547 Accedit
580 3492 617 3544 ut
638 3499 671 3545 v.
693 3472 791 3546 idem
815 3500 880 3574 per
903 3476 1046 3574 signum
1070 3478 1339 3580 diplomaticum

266 3595 375 3668 scribi
401 3593 519 3666 soleat.

346 3746 457 3833 Quod
476 3768 597 3826 autem
619 3746 742 3820 attinet
768 3745 814 3819 ad
838 3748 1342 3849 participium·perclomitas,

265 3865 454 3944 incidimus
495 3868 532 3940 in
570 3865 664 3940 illud
705 3888 853 3968 propter
887 3869 1101 3944 vicinitatem
1146 3878 1341 3955 verborum

260 3987 459 4079 praenites
479 4006 515 4058 et
537 4012 651 4084 paene
675 3985 774 4059 idem
803 4013 829 4060 s.
862 3987 982 4085 potius
1003 4015 1127 4084 paene
1147 3998 1237 4090 VII,
1260 3997 1341 4100 qui·

265 4105 333 4179 bus
366 4103 480 4202 verbis
513 4104 543 4178 si
574 4105 762 4182 interseras
795 4104 886 4179 illud
913 4115 1175 4208 perdomitas,
1216 4117 1341 4196 mnu-

266 4222 374 4300 sceris
401 4243 474 4298 tres
488 4249 604 4306 ¹voces
627 4225 719 4308 inter
743 4251 784 4308 se,
811 4225 908 4302 baud
934 4227 1127 4316 dissimiles
