3048 5152
227 551 278 634 72

335 737 586 832 „nequidque
608 731 942 806 senatusconsulti
966 727 1195 800 auctoritate
1219 749 1303 797 con-

338 859 423 930 silio
449 855 668 928 deterreri.“

230 995 459 1074 Vocabulum
480 998 550 1083 oti,
578 994 715 1066 exoleto
738 992 802 1064 illo
824 995 838 1061 i
860 990 1025 1063 demere
1050 1015 1116 1087 pro
1139 1013 1182 1060 eo
1205 985 1306 1087 quod

230 1119 396 1192 volumus
415 1117 525 1190 verbo
553 1114 715 1186 Consulti
743 1112 898 1213 positum
919 1137 985 1210 pro
1010 1109 1136 1206 copula
1162 1123 1200 1180 et
1223 1131 1307 1207 per·

230 1265 354 1339 peram
375 1235 508 1334 accepit
524 1233 697 1305 librarius.
748 1229 887 1303 Notum
913 1249 974 1321 est,
996 1223 1146 1301 Senatus
1164 1226 1304 1298 decreta

230 1356 281 1428 sic
312 1353 457 1431 inscribi
494 1351 609 1423 solita:
655 1351 721 1444 ‚‚S.
755 1347 793 1420 C.
826 1348 871 1421 A.
895 1347 1109 1418 :Senatus
1154 1344 1306 1424 consulti

231 1474 458 1548 auctoritas.“
527 1469 636 1556 Quod
663 1469 699 1540 h.
727 1470 751 1543 l.
779 1467 883 1540 etiam
908 1487 1058 1566 propter
1080 1467 1199 1569 ipsum
1227 1493 1306 1540 ora-

229 1593 336 1667 tionis
363 1616 552 1665 numerum
580 1589 809 1690 probandum
840 1609 898 1662 est.

325 1731 490 1804 Verbum
514 1735 700 1802 deterreri
728 1732 831 1803 nullo
860 1727 981 1801 addito
1008 1729 1181 1803 vocabulo
1210 1729 1305 1830 posi·

229 1871 308 1924 tum
330 1848 419 1924 mibi
439 1849 649 1923 iamdudum
673 1850 873 1949 displicuit,
896 1872 973 1920 mea
992 1875 1035 1921 ex
1056 1849 1305 1922 emendatione

229 1971 374 2046 accessit
394 1999 426 2044 v.
445 1973 610 2043 consilio.
668 1969 845 2043 Omissam
872 1970 1175 2068 praepositionem
1200 1991 1303 2043 tueor

229 2090 428 2166 Horatiano
449 2090 530 2161 illo:

337 2213 573 2305 „Silvestre
600 2209 794 2279 Ιιοινιίηω(ι
821 2252 864 2264 -

336 2331 564 2424 „Caedibus
579 2323 611 2419 ds
628 2331 730 2434 victu
748 2332 864 2422 foede
886 2330 1070 2400 deterruit
1089 2331 1304 2426 Orpheus.“·

228 2468 364 2544 Eadem
393 2470 525 2542 ratione
558 2472 711 2545 verbum
743 2473 902 2541 arcendi
928 2497 1011 2542 enm
1041 2471 1119 2543 solo
1153 2473 1305 2548 ablativo

229 2589 330 2688 iungi
349 2591 450 2663 solet.

328 2732 387 2804 De
419 2757 509 2807 voce
540 2736 693 2805 consilio
724 2760 832 2834 quam
861 2734 927 2805 snb
967 2732 1031 2805 illo
1070 2760 1161 2807 coss.
1195 2735 1303 2809 latere

229 2870 413 2952 putamus,
443 2879 623 2953 compares
657 2880 748 2952 quae
776 2880 883 2951 supra
917 2880 993 2952 cap.
1008 2853 1122 2928 XXX
1154 2882 1174 2925 a
1203 2858 1305 2930 nobis

234 2971 327 3048 dicta
351 2993 442 3046 sunt.

315 3114 483 3212 Superest
500 3132 541 3185 ut
557 3110 600 3184 de
616 3109 744 3185 Orellii
763 3113 915 3186 lectione
937 3115 1060 3213 paucis
1077 3140 1303 3215 exponamus.

231 3230 467 3346 Cuileetioni
489 3233 646 3332 quamvis
672 3260 738 3306 nos
761 3233 852 3306 nihil
876 3234 1084 3329 debeamus,
1115 3264 1227 3336 quum
1249 3237 1305 3312 his

232 3350 380 3425 demum
401 3350 538 3450 scriptis
561 3377 640 3423 eam
663 3353 947 3449 cognoverimus,
974 3375 1091 3427 tamen
1113 3355 1195 3430 ideo
1215 3358 1306 3430 mul·

230 3494 309 3546 tum
340 3472 551 3563 tribuimus,
591 3470 691 3570 quod
720 3497 835 3572 neque
872 3474 984 3572 Lipsii
1016 3477 1209 3573 splendore
1243 3479 1305 3551 ob·

228 3594 391 3668 strictum
414 3589 540 3688 prodit
560 3589 749 3684 Orellium,
776 3615 811 3664 et
837 3595 869 3666 ei
887 3622 995 3694 quam
1020 3623 1085 3668 nos
1106 3596 1305 3672 invenimus
1401 3683 1403 3689 ¹

231 3739 338 3814 quam
358 3711 516 3811 proxime
533 3709 684 3784 accedit
734 3711 816 3785 Mea
833 3733 952 3787 autem
981 3715 1180 3792 emendatio
1204 3716 1306 3792 Orel-

233 3833 349 3926 liana‚
379 3828 419 3906 ni
436 3831 559 3926 fallor,
586 3832 725 3909 facilior
752 3851 811 3909 est.
