3044 5150
248 631 284 684 vl

249 799 419 898 „tingere
456 801 605 873 maxime
641 799 773 898 potuit,
808 825 888 880 cum
917 802 1078 874 sinuosos
1111 788 1218 875 lrosee
1246 787 1323 875 lite·

250 939 399 1006 „rarum
428 912 578 1005 ductus,
595 1001 597 1004 Ι
612 914 727 986 varias
754 912 960 988 inflexiones
990 925 1025 988 et
1052 915 1159 987 miras
1192 917 1322 1015 crispa·

251 1030 397 1120 „tiones
424 1041 518 1103 aetas
547 1030 720 1127 posterior
747 1029 997 1125 ignoraverit“

344 1174 457 1250 Cuius
477 1178 631 1249 incuriae
657 1188 691 1249 et
711 1178 905 1274 imperitiae
923 1201 988 1248 nos
1003 1174 1142 1274 quidem
1156 1174 1324 1273 imprimis

255 1288 406 1381 codicis,
443 1293 505 1388 qui
531 1291 707 1366 Velleium
743 1292 934 1382 continuit,
962 1289 1210 1364 Murbacensis
1239 1291 1324 1362 scri·

253 1414 389 1504 piorem
424 1404 671 1500 postulandum
695 1416 868 1501 putamus.
941 1405 1063 1497 Quum
1105 1416 1222 1478 autem
1256 1401 1324 1476 hoc

255 1516 331 1590 solo
351 1519 388 1588 in
408 1519 540 1610 codiee,
573 1544 685 1618 eoque
709 1519 859 1617 perdito,
888 1518 1000 1590 omnis
1031 1545 1122 1617 quae
1151 1544 1244 1591 nunc
1271 1519 1324 1590 in-

255 1633 353 1704 stitui
378 1635 493 1730 possit
520 1631 601 1709 libri
624 1632 797 1708 Velleiani
827 1623 943 1738 κρίσις
970 1633 1159 1727 innitatur,
1186 1675 1235 1686 -
1265 1658 1324 1705 ne·

256 1769 354 1817 cesse
383 1756 457 1838 est,
495 1773 586 1818 unus
615 1748 675 1820 ille
704 1747 834 1821 Velleii
869 1746 979 1818 codex
1015 1744 1129 1820 denuo
1157 1746 1257 1846 quasi
1289 1748 1325 1817 in

254 1858 370 1931 lucem
395 1861 615 1958 proferatur,
644 1861 871 1960 eliciatur-qne
898 1886 969 1933 non
1004 1861 1118 1935 solum
1148 1859 1233 1959 quid
1262 1885 1326 1934 suo

256 1998 398 2072 quoque
433 1974 511 2048 loco
543 1977 712 2074 scriptum
745 1978 810 2066 sit,
856 1972 919 2048 sed
954 1975 1057 2047 etiam
1094 1975 1180 2076 quid
1218 1972 1327 2046 scribi
1398 2043 1400 2049 .

257 2085 456 2180 debuisset,
495 2091 527 2162 si
565 2079 782 2196 ἀρχέτυπον
811 2088 922 2186 probe
950 2088 1098 2187 legisset
1125 2087 1327 2161 monachus.

256 2199 352 2274 Huic
377 2204 486 2301 igitur
514 2205 629 2277 reiut
659 2229 725 2275 nos
752 2227 894 2302 quoque
922 2214 1077 2276 nostram
1105 2203 1327 2302 qualemcun-

258 2341 327 2413 que
355 2317 505 2430 opellam
529 2314 744 2409 dicaremus,
772 2329 911 2391 contum
937 2319 1087 2418 amplius
1115 2317 1213 2390 locos
1242 2313 1327 2394 vel-

257 2427 390 2517 leianos
426 2431 504 2518 face
542 2434 662 2516 critica
691 2430 918 2506 illustrandos
948 2435 1176 2537 suscepimus.
1235 2429 1328 2504 Nam
1445 2478 1467 2502 -.

257 2541 421 2631 librarius
462 2543 709 2632 Murbaccnsis
744 2546 964 2647 singulorum
1000 2573 1103 2646 saepe
1139 2541 1328 2628 verborum

259 2668 361 2746 notas
390 2655 631 2757 diplomaticus
654 2661 744 2733 falso
764 2663 1034 2758 interpretatus,
1068 2679 1223 2736 monstra
1248 2683 1328 2760 pro·
1358 2737 1362 2744 ,

258 2771 354 2845 fecto
383 2773 572 2846 verborum
585 2774 722 2858 Velleio
753 2774 924 2868 obtrusit,
956 2787 991 2851 ct
1012 2777 1153 2847 omnino
1177 2775 1287 2859 tam
1276 2800 1328 2845 ιιι-

259 2887 348 2972 scite
375 2899 410 2960 et
438 2899 509 2961 tam
537 2889 761 2993 negligenter
789 2889 945 2963 codicem
964 2887 1169 2988 descripsit,
1197 2900 1330 2962 utnon

259 2999 334 3086 sine
364 3005 438 3077 veri
474 3006 590 3102 specie
617 3004 756 3078 Herelii
789 3031 833 3076 ex
870 3006 1042 3077 sententia
1070 3004 1202 3078 librum
1231 3002 1331 3073 illum
1435 3075 1436 3078 ,

259 3141 367 3200 manu
397 3117 611 3208 exarandum
648 3105 814 3218 tanquam
849 3146 997 3217 poenam
1034 3119 1080 3192 ob
1109 3117 1331 3198 commissum

261 3227 428 3314 delictum
477 3231 644 3306 inllictam
701 3233 945 3363 indignissime
989 3217 1149 3312 videatur
1197 3227 1331 3303 tulisse

261 3343 379 3438 Quam
414 3345 669 3422 inconsiderate
702 3347 882 3446 negotium
916 3373 1018 3420 suum
1056 3347 1187 3447 egerit,
1221 3369 1331 3430 unum
1464 3429 1466 3435 ,
1497 3367 1500 3372 ’

260 3483 326 3562 pro
341 3459 460 3544 multis
478 3461 677 3561 exemplum
696 3461 909 3560 comprobet
970 3459 1083 3535 Libro
1101 3463 1152 3556 Π,
1176 3453 1280 3532 (ιῖ8.
1294 3452 1331 3526 2.

262 3565 432 3670 scriptum
449 3576 601 3661 invenit:
632 3577 972 3681 {polimusicraatam
1000 3575 1079 3649 inde
1096 3577 1195 3648 feeit:
1217 3571 1331 3670 spolia

261 3691 505 3785 musieraateo,
543 3717 652 3790 quum
673 3689 794 3790 legere
822 3689 977 3764 deberet:
1005 3715 1141 3792 semper
1168 3686 1252 3772 olim
1280 3684 1336 3762 ιιιί

262 3815 362 3891 aaut
390 3831 441 3878 eo.

349 3951 590 4044 Quamobrem
633 3964 796 4026 notarum
839 3951 989 4024 maxime
1025 3946 1335 4049 diplomaticamm,

263 4093 353 4166 quac
397 4067 514 4140 scriha
552 4067 612 4140 ille
641 4065 889 4143 Murbaccnsis
935 4090 1120 4163 perperam
1159 4062 1336 4159 explicuit,

262 4183 412 4279 vestigia
432 4181 534 4254 nohis
554 4182 715 4256 duximus
739 4178 994 4280 persequenda,
1011 4191 1052 4252 ιιι
1068 4181 1259 4278 genuinam
1268 4175 1337 4248 loci

262 4298 429 4395 cuiusque
483 4299 692 4394 scripturam
745 4319 1000 4366 revocaremus.
1032 4317 1033 4320 ’
1062 4294 1148 4368 'Sed
1193 4300 1338 4390 quaeret

262 4411 413 4484 sortasse
455 4411 647 4511 quispiam,
692 4435 863 4511 quasnam
905 4409 1009 4486 nobis
1053 4409 1090 4479 in
1132 4403 1338 4480 restituendi
