3048 5152
507 961 754 1054 GAPU'!
803 955 968 1054 ΧΠ.

527 1127 592 1181 Vell.
606 1127 645 1196 11,
662 1124 706 1181 66.
725 1145 743 1198 p
760 1123 804 1180 87.
821 1127 951 1181 etorelt.

282 1276 453 1362 „Dumque
476 1278 535 1342 ltoo
555 1315 593 1330 -
618 1301 720 1344 rerum
738 1292 870 1344 naturae
890 1299 1000 1361 empus
1019 1309 1061 1328 ···
1079 1273 1215 1338 manebit
1236 1277 1278 1338 in·

201 1382 335 1456 eolume,
361 1385 502 1444 comitem
527 1387 600 1445 ueoi
623 1387 673 1445 sui
697 1385 819 1445 laamas
843 1379 1000 1446 Cicerones
1024 1379 1149 1456 nubem
1174 1380 1279 1443 ematis·

201 1507 259 1570 que
280 1489 451 1567 posteritas
474 1487 557 1548 illius
581 1489 612 1547 in
641 1499 673 1548 te
696 1490 814 1566 scripta
840 1484 1021 1560 mirabitur,
1049 1495 1131 1544 amm
1155 1483 1187 1544 in
1212 1502 1280 1544 mon

198 1589 318 1668 sactum
337 1588 558 1664 execrabilia,-
576 1592 725 1669 citiusque
745 1592 777 1648 in
789 1589 899 1648 mundo
915 1608 1012 1667 penus
1028 1585 1179 1649 bominum
1190 1605 1280 1667 quum

202 1695 328 1754 cedet.“
368 1699 420 1751 Ed.
441 1716 481 1766 pr.
508 1715 533 1765 p.
548 1697 596 1754 40.
1110 1698 1113 1704 ’

687 1835 797 1856 m

206 1933 370 2044 Constat
404 1970 498 2043 inter
533 1996 676 2063 omnes,
711 1967 771 2042 hic
806 1969 938 2072 aliquid
972 1969 1101 2043 deesse.
1151 1969 1279 2072 Neque

204 2112 323 2164 tamen
357 2088 595 2163 Ruhnkenius
629 2108 708 2160 ante
742 2088 957 2163 vocabulum
989 2117 1104 2186 quom
1135 2091 1281 2189 signum

204 2209 294 2283 illud
324 2209 438 2283 crucis
466 2233 601 2307 ponere
637 2205 805 2294 debebat,
841 2207 975 2308 quippe
1003 2205 1102 2307 quod
1134 2235 1155 2280 a
1184 2209 1280 2284 Rhe·

204 2357 300 2402 nano
328 2355 403 2402 non
436 2351 620 2428 tamquam
648 2328 795 2402 lacunae
825 2327 951 2421 index,
987 2327 1051 2401 sed
1078 2349 1218 2404 tantum
1241 2350 1282 2404 ut

205 2472 328 2525 notam
362 2450 400 2522 in
436 2449 597 2546 margine
635 2448 819 2547 ascriptam
854 2475 926 2522 esse
958 2447 1154 2543 indicaret,
1188 2449 1281 2554 typis

205 2575 409 2670 expressum
432 2589 493 2646 est„
549 2565 746 2641 Rhenanus
772 2567 869 2640 enim
892 2585 974 2667 post
990 2595 1022 2642 v.
1040 2594 1155 2666 quom
1175 2573 1282 2646 verba

205 2689 381 2788 quaedam
413 2687 601 2761 inserenda
635 2715 707 2760 esse
744 2705 863 2786 putat3
911 2715 1002 2789 quae
1038 2690 1201 2789 quamvis
1235 2694 1280 2766 ab

206 2808 370 2879 omnibns
404 2807 441 2878 in
472 2828 609 2880 textum
641 2801 781 2905 recepta
811 2807 902 2901 sint,
939 2807 1027 2880 mibi
1058 2829 1175 2884 tamen
1211 2810 1280 2886 dis·

206 2926 348 3025 plicent.
406 2927 565 2998 Primum
595 2926 691 2998 enim
716 2953 790 3000 non
817 2928 986 3001 mutarim
1012 2931 1134 3004 vocab.
1157 2935 1281 3028 cedet3

208 3044 266 3117 cui
291 3044 342 3117 rei
364 3042 544 3121 Orellium
569 3071 716 3146 quoque
741 3043 838 3123 haud
865 3071 1080 3147 repugnare,
1104 3074 1177 3124 nou
1203 3050 1280 3126 sine

205 3165 387 3264 voluptate
416 3163 587 3263 comperi.
655 3166 797 3236 Cedere
834 3164 930 3236 enim
963 3186 1015 3238 est
1046 3170 1280 3246 vernaculum

205 3283 436 3376 sobwinden‚
470 3284 586 3357 latinis
612 3312 686 3359 non
712 3285 887 3382 ignotum.

305 3405 404 3478 Haec
427 3405 524 3478 enim
549 3405 693 3478 Cicero:
728 3407 895 3492 „Horae
919 3409 1071 3502 quidem
1096 3412 1281 3495 cedunt‚“

205 3525 295 3603 baec
321 3526 498 3601 Lucilius:
527 3531 690 3614 „Pudor
715 3530 827 3600 cessit
838 3537 885 3617 ;“
915 3526 1002 3602 baec
1023 3526 1178 3627 denique
1202 3529 1281 3605 Sta-

207 3649 298 3720 tius:
326 3650 509 3735 „Cedant
527 3673 713 3743 curaeque
735 3660 972 3744 metusque.“
1021 3645 1106 3722 Vid.
1127 3647 1157 3720 F
1158 3651 1281 3728 orcall

313 3765 451 3840 Notum
476 3788 528 3840 est
562 3765 874 3864 diplomaticarum
900 3793 1020 3843 rerum
1046 3767 1191 3846 scientia
1223 3771 1281 3852 vel

208 3885 335 3960 leviter
371 3886 537 3980 imbutis,
587 3887 890 3985 praepositionem
929 3889 970 3958 in
1019 3913 1092 3962 una
1132 3887 1234 3968 litera
1266 3895 1282 3967 i

209 4003 315 4078 scribi
335 4005 449 4078 solere
472 4005 661 4104 literaeque
685 4009 702 4076 i
727 4025 762 4078 et
786 4032 808 4076 e
832 4003 1026 4080 sexcenties
1049 4009 1255 4105 pennatasi.

308 4123 461 4198 Accedit
504 4122 603 4226 quod
642 4125 680 4198 in
726 4124 920 4226 exemplari
967 4123 1115 4210 Amerb.
1152 4127 1282 4228 legitur

209 4248 347 4340 „oium
386 4269 508 4343 quem
537 4249 714 4320 mundo.“
793 4243 916 4334 Quare
958 4245 1105 4327 fortasse
1143 4247 1284 4324 literai

209 4365 358 4442 omniuo
387 4387 462 4438 non
487 4365 579 4442 lecta
601 4383 653 4437 est
676 4366 714 4440 in
741 4365 823 4445 aod.
850 4366 971 4448 Murb.

982 4482 1002 4547 5
1009 4478 1028 4518 ἃ
