3048 5152
489 943 741 1039 CAPU'I'
784 943 988 1042 8111!

515 1128 678 1200 ventes.
691 1129 716 1191 s.
733 1129 812 1202 pes.
829 1133 959 1190 euenit

279 1305 462 1381 „N0reur,
488 1305 652 1369 immodica
671 1337 711 1353 -
730 1301 876 1367 libertate
902 1328 974 1369 usos
996 1307 1142 1372 advenis
1166 1307 1277 1374 Cacsa-

185 1430 257 1472 rem
277 1408 448 1472 Marullum
470 1445 508 1455 -
529 1407 718 1491 Flauumque
742 1406 917 1471 Caesetium
939 1445 977 1457 -
998 1433 1081 1492 perte
1104 1415 1166 1474 rrt‘m
1184 1415 1277 1477 domi·

185 1517 330 1576 nationis
346 1523 504 1594 expertos.
548 1509 586 1571 Iu
603 1509 662 1571 ltoc
680 1521 782 1572 tumen
798 1532 894 1592 saepe
907 1512 1045 1575 hcesmtt'
1060 1517 1211 1596 principis
1229 1519 1279 1580 ira

189 1617 337 1678 ecccessit
360 1626 396 1676 ut
419 1615 560 1674 censoria
575 1614 682 1694 potius
708 1623 869 1674 contentus
887 1625 963 1676 nota
980 1635 1071 1696 quum
1089 1618 1278 1680 ammadver-

190 1720 284 1782 st‘oue
302 1719 471 1780 dictatoria
489 1725 690 1778 summoueret
716 1737 769 1779 eos
788 1737 809 1778 a
830 1717 934 1800 Repe
974 1727 1024 1778 Ed.
1043 1744 1083 1796 pr.
1105 1745 1132 1796 p.
1145 1721 1195 1786 41.

188 1980 398 2093 Dicuntur
433 2017 626 2091 adversarii
655 2019 708 2091 illi
736 2045 828 2120 pene
856 2019 992 2118 experti
1017 2043 1090 2093 esse
1112 2023 1186 2095 vim
1213 2023 1276 2096 do-

191 2141 410 2212 minationis.
476 2136 598 2223 Quere
628 2165 740 2239 quum
771 2161 938 2239 sequatur
967 2143 1014 2212 In
1039 2144 1110 2213 hoc
1137 2156 1276 2238 tamen,

195 2282 345 2360 propter
362 2261 433 2333 hoc
451 2261 570 2359 ipsum
587 2273 715 2331 tamen
733 2286 874 2333 necesse
896 2281 948 2332 est
967 2261 1177 2334 enuntietur
1194 2262 1277 2334 illos

197 2381 313 2453 nihilo
341 2381 454 2452 secius
485 2380 561 2451 vim
587 2379 688 2450 illam
719 2379 969 2453 dominationis
998 2379 1097 2453 haud
1122 2381 1170 2453 ita
1201 2411 1277 2480 gra÷

197 2503 287 2574 viter
322 2521 482 2598 expertos
516 2525 607 2591 esse,
639 2526 780 2573 necesse
810 2521 883 2593 est,
925 2502 1093 2600 inquam,
1126 2501 1179 2574 illi
1205 2502 1278 2576 vim

198 2618 470 2710 dominationis,
492 2645 601 2717 quam
616 2645 744 2714 paene
770 2619 953 2718 experturi
977 2619 1083 2692 fuisse
1108 2620 1277 2695 dicuntur

200 2763 276 2810 non
300 2738 390 2838 passi
417 2765 490 2810 esse
519 2738 761 2810 ostendantur.

298 2896 367 2968 Cui
382 2898 435 2969 rei
456 2898 547 2970 nihil
570 2881 697 2972 melius
725 2898 935 2997 respondet,
964 2925 1070 2996 quam
1093 2927 1181 3000 quae
1201 2902 1277 3002 ipsa

199 3018 425 3113 sequentibus
454 3020 569 3093 verbis
594 3019 684 3090 inest
713 3019 897 3090 sententia.
957 3018 1030 3092 Sed
1055 3041 1174 3094 tamen
1199 3049 1277 3097 ver-

197 3129 293 3212 bum¹
314 3142 471 3209 excessit
503 3158 539 3210 et
568 3137 655 3211 huic
692 3139 908 3231 sententiae,
943 3161 978 3212 et
1001 3141 1053 3212 illi
1087 3167 1194 3238 quam
1221 3167 1277 3214 ex·

198 3259 285 3357 cipit
309 3257 458 3332 voculae
487 3270 614 3329 tamen
642 3258 789 3331 omnino
811 3257 1023 3338 adversatur.
1081 3263 1222 3334 Etenim
1248 3262 1278 3335 si

197 3407 281 3454 vera
310 3399 426 3452 essent
451 3379 529 3450 illa:
561 3381 608 3450 In
639 3381 711 3450 hoc
738 3379 905 3472 Augusti
932 3383 993 3450 ira
1020 3385 1193 3472 excessit,
1221 3378 1276 3452 di·

200 3522 341 3574 teretur
378 3519 466 3571 tunc
497 3496 647 3570 modum
680 3498 865 3572 excessisse
902 3525 1140 3598 prorumpens
1175 3497 1276 3572 Prin-

200 3619 286 3718 cipis
316 3620 389 3712 ira,
424 3639 581 3715 essetque
612 3619 758 3690 omnino
789 3645 948 3711 necesse,
980 3619 1275 3718 insequentibus

201 3739 351 3810 atrocius
377 3739 560 3838 quoddam
583 3737 737 3838 Augusti
761 3742 895 3813 factum
922 3741 1132 3833 referretur,
1161 3767 1275 3838 qttum

177 3875 325 3948 ⁸contra
352 3858 407 3931 his
442 3861 524 3960 ipsis
553 3861 684 3934 verbis:
720 3863 891 3930 censoria
913 3861 1048 3953 potius
1082 3872 1276 3932 contentus

199 3990 292 4050 nota
332 4004 445 4072 quam
484 3981 678 4051 animadv.
712 3981 748 4048 d.
784 3976 967 4048 manifesto
1009 3977 1084 4075 ipsa
1121 3977 1276 4076 Augusti

199 4095 399 4171 moderatio
435 4117 469 4172 et
497 4097 684 4172 clementia
713 4094 947 4170 collaudetur.
1006 4094 1118 4183 Quod
1142 4097 1274 4170 mirum

200 4239 253 4292 est
290 4216 419 4316 fitgisse
454 4215 730 4311 Ruhnkenium,
777 4214 885 4316 idque
915 4242 958 4289 eo
995 4217 1127 4316 magis,
1174 4213 1274 4316 quod

197 4337 273 4437 ipse
314 4339 472 4413 attulerit
514 4337 636 4410 locum
669 4334 766 4409 hunc
798 4335 1009 4413 Livianum:
1063 4362 1136 4436 quo
1177 4337 1273 4410 ultra
