3044 5150
189 783 334 856 minime
362 785 506 858 nomine
537 783 752 859 sidutautivo
782 783 905 879 nubis
935 788 1108 867 inimicus
1139 793 1263 888 appet-

190 901 257 974 lari
282 904 410 1000 potuit.
471 901 598 1001 Neque
623 924 741 982 tamen
774 905 821 976 ob
852 930 1009 981 caussam
1042 907 1151 988 morto
1177 913 1263 987 alta-

190 1039 272 1096 tam'
289 1023 533 1123 impugnarint
574 1050 662 1120 qnae
703 1024 811 1121 vulgo
837 1023 1033 1119 deruntnr,
1060 1027 1123 1105 sed
1146 1033 1261 1110 multo

189 1145 397 1217 concinnius
423 1145 529 1238 mihi,
566 1143 682 1222 dativo
711 1143 740 1216 si
771 1144 893 1216 locum
921 1145 1114 1242 concedas,
1148 1150 1263 1231 eidem

189 1265 293 1337 etiam
327 1269 496 1360 verbum,
540 1263 638 1363 quod
672 1263 716 1336 ad
753 1289 896 1336 sensum
938 1266 1077 1360 attinet,
1121 1275 1262 1346 annecti

184 1410 289 1481 posse
317 1384 468 1461 videtur.
542 1383 594 1457 Ita
626 1385 761 1458 Seneca
799 1383 845 1456 in'
874 1383 981 1460 Herc.
1013 1387 1092 1463 Oet.
1128 1417 1260 1489 uqtrq:

186 1507 433 1604 „Quicunque
465 1509 601 1579 misero
627 1509 823 1576 dissuadet
851 1509 949 1576 mori
976 1513 1139 1582 crudelis
1165 1525 1260 1587 est.“

509 1825 757 1917 oum
790 1826 940 1918 m.

543 1987 609 2040 ver.
616 1986 656 2055 11,
667 1981 712 2056 sa,
723 2005 750 2057 μ
764 1983 814 2038 1s2
823 1986 862 2041 aa
872 1986 906 2041 u.

263 2167 300 2198 ‚‚.
315 2171 321 2185 .
334 2125 577 2208 ,praedonesque
588 2146 650 2210 per
665 2127 780 2200 multu,
800 2129 825 2200 ὰ,
841 2127 945 2198 murt
962 2126 1039 2190 locu
1057 2129 1168 2200 niatu.
1183 2177 1189 2190 .
1203 2178 1210 2191 .
1222 2140 1260 2192 .“

184 2231 234 2288 Ed.
255 2249 295 2302 pr.
318 2233 407 2302 law.

184 2404 369 2519 Krousius
402 2466 504 2520 utet
537 2447 597 2519 alii
621 2446 837 2544 Interpretes
875 2449 1088 2523 vocabulum
1112 2420 1259 2550 aliquod

183 2567 341 2665 elapsum
361 2567 501 2642 odorati
528 2566 746 2659 ostendunt,
777 2565 824 2638 ad
844 2567 981 2641 triarios
1003 2593 1150 2646 ventum
1172 2600 1254 2649 esse.

184 2688 256 2760 Sed
279 2687 378 2780 mihi,
406 2707 446 2760 ut
469 2713 552 2760 cum
572 2687 699 2759 Plauto
724 2689 871 2783 loquar,
895 2689 1021 2762 auxilia
1047 2692 1152 2766 etiam
1177 2715 1258 2766 sunt

179 2811 431 2906 suppetiasque
457 2805 556 2880 domi
578 2808 801 2880 sufficientes.

287 2959 524 3037 scribendum
554 2960 666 3034 enim:

223 3085 515 3176 praedonesque
532 3082 737 3175 permultis
757 3082 838 3152 iam
858 3081 947 3158 aliis
970 3079 1062 3152 locis
1084 3083 1211 3156 victos.
1245 3147 1248 3154 ,

181 3200 283 3286 Quae
306 3200 411 3272 lectio
439 3198 621 3298 quomodo
643 3202 680 3270 in
710 3225 806 3290 eam,
835 3225 924 3296 quae
950 3223 1048 3271 nunc
1069 3221 1137 3294 est,
1160 3203 1255 3300 abire

180 3323 354 3420 potuerit,
391 3320 517 3394 dicam.
585 3320 716 3394 Verbis
747 3321 839 3392 inter
876 3346 912 3392 se
950 3319 1168 3414 coniunctis,
1205 3323 1255 3395 sic

178 3442 351 3540 scriptum
379 3444 508 3524 eratin
533 3469 589 3534 eo,
613 3441 709 3519 uude
726 3441 818 3522 liber
836 3439 956 3522 Murb.
976 3441 1091 3536 fluxit,
1112 3441 1253 3516 codice:

179 3565 581 3659 „permulrisiamaliis
602 3565 735 3640 locis.“

274 3698 455 3771 Vocabuli
475 3699 680 3793 permultis
713 3696 887 3795 syllabam
912 3697 1064 3768 finalem
1082 3697 1116 3765 is
1146 3695 1252 3768 solito

180 3839 280 3887 more
305 3843 370 3914 per
393 3820 536 3917 signum
566 3813 747 3914 quoddam
771 3815 905 3912 pictam
931 3841 1025 3909 esse,
1055 3835 1180 3887 notum
1202 3835 1254 3886 est

180 3959 223 4005 ex
252 3934 373 4008 libello
399 3935 558 4010 Conradi
586 3932 766 4007 Mannerti
794 3933 840 4006 V.
863 3931 930 4032 D.‚
963 3934 1093 4007 merito
1120 3934 1253 4007 collau·

179 4052 263 4126 dato
288 4055 330 4126 ab
354 4054 437 4147 illo,
464 4083 569 4153 quern
592 4074 818 4154 praematura
848 4072 961 4124 morte
985 4056 1174 4153 abreptum
1198 4055 1252 4127 lu·

177 4189 313 4273 gemus,
333 4173 553 4263 Ebert015).
593 4174 703 4262 Quod
724 4174 868 4272 signum
884 4172 921 4245 h.
940 4173 963 4245 l.
985 4199 1068 4247 cum
1091 4175 1193 4248 litera
1215 4199 1251 4266 a,

222 4395 273 4470 ¹⁵)
295 4401 388 4470 Neque
407 4413 517 4468 pontum
543 4399 607 4468 quin
632 4407 662 4456 at
685 4402 743 4472 ipsa
761 4401 864 4456 librum
887 4399 968 4456 illum
1002 4399 1191 4456 commendem
1207 4396 1253 4463 iis,
