3048 5152
1223 587 1270 656 95

189 797 327 844 versam
361 770 554 870 imaginem
582 769 799 868 principatus
828 774 909 844 eius
937 771 1050 844 oculis
1074 773 1268 870 animisque

190 891 441 964 subiecimus“

289 1011 413 1083 Restat
434 1031 473 1082 ut
498 1009 750 1083 seutentiama
777 1011 881 1082 uobis
907 1030 947 1082 ut
966 1009 1106 1085 videtur
1134 1033 1271 1088 erutam
1336 1071 1340 1078 .

190 1131 409 1230 explicemus
443 1151 478 1203 ct
511 1130 540 1202 si
569 1155 638 1226 qua
670 1154 762 1225 opus
794 1146 846 1201 est
873 1155 941 1226 pro
973 1129 1109 1204 viribus
1140 1137 1271 1208 confir»

191 1275 339 1322 memus.
399 1246 511 1336 Quod
544 1276 656 1349 quum
683 1247 719 1321 ln
742 1248 766 1318 l.
792 1247 952 1321 Velleius
986 1252 1146 1323 membra
1174 1253 1271 1325 attri-

188 1370 274 1441 buat
297 1370 404 1468 reip„
433 1395 584 1469 eamque
612 1389 654 1440 ut
677 1393 873 1465 personam
897 1365 1068 1460 inducat,
1103 1375 1272 1448 membris

189 1489 262 1562 eius
303 1488 461 1562 laceratis
509 1487 657 1586 proprie
704 1485 895 1558 adhibetur
946 1514 1030 1559 cura
1069 1489 1133 1563 illa
1172 1495 1272 1590 quasi

189 1609 347 1703 medica3
374 1608 486 1708 idque
516 1633 560 1678 eo
589 1607 717 1679 melius
747 1605 848 1707 quod
872 1634 903 1680 v.
929 1608 1022 1680 illud
1052 1635 1144 1682 euru
1165 1612 1272 1695 etiam

189 1730 234 1802 de
259 1756 379 1802 rerum
409 1725 638 1826 publicarum
670 1725 923 1823 procuratione
958 1726 1124 1802 usitatum
1158 1731 1204 1804 sit
1239 1754 1274 1805 et

191 1871 386 1947 receptum.
451 1848 628 1944 Exemplo
657 1849 728 1920 sint
752 1848 885 1922 Velleii
918 1849 994 1921 illa:
1040 1849 1127 1923 Mox
1161 1878 1273 1949 quum

190 1996 338 2042 omnem
356 1997 476 2042 curam
495 1970 564 2040 fata
582 1968 785 2061 vincereut3
810 1969 1025 2068 quibuscum
1047 1992 1273 2070 comparetur
1293 2055 1294 2058 Ἴ

191 2089 389 2180 Sallustius,
413 2089 475 2188 qui
495 2087 758 2186 „Magistratus
782 2089 908 2186 inquit,
924 2106 959 2162 et
975 2089 1125 2190 imperia
1141 2112 1274 2188 postre-

190 2237 249 2282 mo
285 2209 400 2282 omnis
435 2236 520 2281 cura
556 2235 678 2281 rerum
705 2209 945 2307 publicarum.
1027 2210 1073 2282 Et
1109 2210 1273 2310 inspiciat

189 2332 252 2429 qui
283 2331 382 2403 volet
413 2331 544 2415 lorica,
583 2356 671 2427 quae
704 2329 811 2403 etiam
843 2331 946 2404 verbi
982 2335 1274 2409 coalescentibus

189 2451 393 2549 exemplum
420 2454 590 2549 praebent
619 2476 661 2528 ex
685 2449 800 2523 Plinio
832 2449 1082 2549 desumptum:

297 2573 468 2664 „cilium
505 2575 660 2644 vulnere
692 2575 820 2667 aliquo
856 2575 1051 2645 diductum
1083 2600 1158 2646 non
1187 2601 1272 2648 coa·

299 2695 440 2764 lescit.“

458 3025 727 3152 'carun
755 3059 986 3154 axrn

602 3197 684 3279 'vat
700 3224 744 3291 11,
761 3220 804 3276 90.
822 3221 848 3282 2.

272 3367 352 3443 „Ut
368 3406 409 3418 -
429 3393 525 3458 saepe
553 3377 738 3438 emtuuneliu
761 3377 857 3438 etium
879 3395 1091 3458 umttnmquum
1104 3374 1274 3454 putatum

190 3471 331 3535 Rmnano
350 3473 522 3554 infmetau·
535 3479 698 3566 maus<
739 3487 790 3544 u
809 3505 849 3555 pr.
869 3505 895 3558 p·
910 3485 962 3548 ts.

675 3624 791 3646 m

192 3717 297 3825 Non
326 3776 401 3828 erat
426 3756 526 3854 quod
549 3758 620 3832 hoc
642 3786 787 3861 quoque
810 3763 893 3833 loco
918 3758 1136 3832 Ruhnkenio
1159 3785 1272 3831 assen-

195 3873 321 3946 tiretur
350 3877 524 3950 Kreusius
561 3863 675 3979 quum
714 3881 883 3954 facillima
925 3880 963 3952 in
1005 3900 1153 3979 promtu
1186 3900 1275 3953 esset

193 3992 345 4066 medela.
387 3997 556 4070 Diremtis
579 4001 673 4072 enim
691 3999 856 4074 vocabuli
879 4002 996 4072 etiam
1010 4000 1152 4103 syllabis
1174 4001 1275 4076 ecce!

192 4115 316 4186 omnia
346 4114 528 4210 quadrant.
579 4117 680 4218 Lego
704 4120 827 4217 igitur:

169 4301 172 4307 ,
242 4237 403 4332 „Saepe
427 4242 674 4325 contumelia,
703 4253 741 4312 et
762 4241 842 4312 iam
866 4265 1148 4337 nonnumquam
1166 4241 1273 4334 peri·

275 4361 399 4432 culum
424 4361 601 4433 Romano·
625 4362 832 4451 inferretur
858 4364 1054 4457 imperio.“
