3044 5150
473 911 723 1028 etrnr
773 912 977 1012 xxvt

508 1077 924 1151 mmmpmumn

265 1227 394 1307 „Dina
419 1230 574 1314 Anqtutne
601 1243 730 1314 praeter
758 1231 926 1314 Hispanias
957 1234 1096 1318 aliasque
1125 1240 1258 1318 pernen,

184 1355 310 1416 quarm
337 1335 435 1396 titrdir
458 1337 560 1414 ferunt
588 1339 654 1398 eius
679 1339 856 1418 praenitet,
889 1337 971 1398 idem
997 1339 1088 1416 faeta
1113 1337 1258 1422 Aeqypto

183 1439 387 1519 stipendiaria
416 1449 559 1519 qnannnn
581 1451 678 1519 patet·
706 1441 771 1500 eine
794 1437 883 1500 Galli
904 1441 936 1500 in
962 1443 1115 1502 watien
1140 1443 1259 1505 reditur

183 1541 347 1604 emttnlit.“
386 1548 438 1602 ut.
458 1563 499 1614 pr.
520 1565 546 1615 ιι.
560 1551 610 1604 29.
679 1629 684 1642 ι

183 1765 368 1895 Mirum,
393 1803 610 1902 Interpretes
631 1802 677 1876 ad
697 1833 811 1877 unum
834 1832 957 1879 omnes
978 1849 1029 1864 --
1049 1832 1095 1879 ne
1117 1803 1256 1881 Orellio

185 1923 332 2022 quidem
359 1945 505 2024 excepto
533 1969 581 1982 --
611 1923 699 1997 nihil
727 1924 764 1998 h.
790 1925 813 1996 l.
843 1924 1069 1999 desiderasse.
1122 1927 1256 2003 Nonne

185 2068 326 2116 neeesse
349 2064 400 2115 est
419 2044 642 2144 participium
666 2066 819 2145 ponatur
845 2066 926 2118 ante
945 2045 1025 2137 illa,
1052 2072 1141 2144 qutoe
1157 2077 1256 2122 nunc

184 2182 283 2254 sunt,
308 2188 435 2259 paene
470 2161 599 2234 idem?
653 2165 795 2237 Etenim
822 2209 873 2221 —
904 2185 944 2235 ut
975 2185 1108 2238 taceam
1138 2167 1257 2240 latiniss

182 2300 307 2375 tatem,
330 2309 394 2380 per
417 2309 524 2382 quam
546 2309 669 2381 aegre,
695 2286 845 2382 opinor,
867 2285 981 2356 fertur
1005 2286 1104 2358 notio
1120 2291 1256 2380 faciae

182 2407 455 2498 stipendiarias
476 2431 518 2474 ex
542 2405 605 2476 illo
634 2403 734 2504 quod
758 2404 919 2503 sequitur
938 2405 1058 2496 faeta
1076 2407 1254 2502 Aegypto

182 2526 434 2618 stipendiaria
470 2520 686 2595 desumenda
718 2565 762 2576 -
799 2522 918 2623 itaque
951 2523 1052 2594 tacita
1084 2524 1253 2598 latinitate

181 2668 323 2714 sensum
345 2643 417 2716 loci
443 2661 720 2741 perscrutemur.

280 2777 348 2860 „E
359 2775 544 2846 Strabone
563 2816 608 2830 -
627 2775 710 2847 licet
729 2775 824 2847 enim
840 2775 987 2850 Kreusii
1004 2775 1118 2848 verbis
1137 2777 1190 2848 uti
1203 2821 1254 2835 -

280 2885 457 2989 efficitur,
482 2897 652 2991 Aegypti
674 2897 816 2967 tributa
838 2923 968 2968 annua
992 2899 1101 2990 longe
1124 2877 1253 2991 snper-

280 3042 365 3086 asse
396 3018 486 3086 XII
502 3017 624 3085 millia
657 3028 694 3083 et
724 3017 930 3110 quingenta
955 3016 1118 3100 talenta,
1155 3042 1254 3109 quae

271 3138 368 3228 fero
392 3147 560 3229 aequant
584 3160 782 3206 tnoooooo
804 3136 1070 3229 imperialium.
1114 3134 1253 3208 Galliis

187 3315 189 3323 .
280 3284 371 3336 vero
402 3257 547 3326 Caesar
567 3257 607 3324 in
627 3256 794 3349 singulos
814 3280 935 3326 annos
959 3257 1138 3348 imposuit
1160 3281 1257 3350 qne·

279 3379 511 3472 dringenties
535 3377 619 3446 HS.
646 3377 683 3447 h.
697 3404 727 3452 e.
758 3378 907 3448 circiter
927 3401 1103 3450 eoeoooo
1134 3377 1255 3469 impe-

278 3499 477 3570 rialium.“

101 3663 105 3672 '
178 3649 304 3736 Quum
323 3648 430 3748 igitur
453 3647 651 3719 Galliarum
675 3647 803 3719 tributa
836 3645 969 3719 etiamsi
996 3643 1106 3716 sexies
1135 3639 1250 3740 dupli·

180 3787 305 3842 centur
334 3769 442 3866 longe
470 3788 588 3840 tamen
619 3767 867 3866 relinquantur
900 3766 944 3836 ab
969 3763 1011 3836 iis
1036 3785 1125 3861 quae
1151 3761 1248 3836 Stre·

177 3889 275 3960 bone
306 3909 448 3960 auctore
472 3888 639 3988 Aegypto
666 3885 835 3983 imposuit
857 3884 1056 3981 Augustus:
1090 3903 1248 3980 apparet,

180 4031 297 4106 neque
325 4005 369 4078 de
393 4007 538 4105 reliquis
559 4006 663 4078 etiam
685 4029 775 4104 quae
797 4022 938 4104 practer
960 4001 1166 4104 Aegyptum
1190 4029 1253 4076 su·

177 4149 319 4232 pertiae
347 4147 448 4200 erant
469 4128 633 4225 gentibus
655 4122 906 4224 cogitandum,
936 4145 971 4198 et
996 4123 1248 4221 corrigendum

177 4272 251 4321 esse
272 4244 365 4320 illud
382 4271 514 4342 paene
536 4248 648 4318 idem.
697 4243 892 4344 Utriusque
914 4243 999 4315 mali
1018 4243 1113 4318 hunc
1131 4243 1253 4316 habeo

177 4395 287 4470 quem
312 4369 456 4442 efferam
476 4363 661 4440 medelam.
713 4363 965 4458 Scribeudum,
986 4364 1025 4438 ni
1041 4363 1156 4453 fallor,
1178 4381 1245 4436 est:
