3048 5152
293 391 308 432 1

272 607 343 680 tet

367 790 500 877 Quam.
517 815 591 864 rem
623 809 753 864 cetum
775 779 880 887 plane
915 807 954 863 et·
982 789 1195 888 exploratam
1223 781 1346 860 reddit

270 910 402 986 codicis
423 907 697 983 Amcrhachiani
713 909 919 1003 auctoritas,
941 909 999 980 illa
1013 907 1144 1006 ¹omnia
1169 928 1212 980 eo
1234 932 1340 1004 quem

270 1057 337 1107 nos
363 1030 546 1132 posuimus
568 1025 693 1100 ordine
716 1025 923 1100 exhibentis.

367 1170 469 1257 Quae
496 1183 618 1242 autem
648 1193 667 1238 a
692 1142 796 1240 nubis
822 1167 923 1240 allata
948 1188 1029 1241 sunt
1050 1151 1261 1266 argumenta⁸
1279 1163 1341 1238 de·

268 1309 487 1382 monstrant,
524 1312 714 1388 operarum
751 1287 897 1387 quidem
929 1329 975 1344 -··
1007 1286 1047 1359 id
1080 1287 1178 1385 quod
1213 1283 1338 1360 Orellii

270 1435 389 1486 caussa
409 1407 560 1482 dixerim
578 1447 628 1466 -
651 1431 810 1480 errorem
833 1405 869 1479 h.
892 1408 917 1484 Ι.
947 1405 1146 1480 notandum
1172 1407 1230 1482 vix
1253 1431 1338 1480 esse.

585 1863 835 1955 CAPU'I'
866 1864 1015 1956 801.

549 2023 616 2080 vu.
628 2023 667 2094 n,
685 2023 744 2079 120.
757 2023 782 2078 a.
799 2043 827 2097 p.
841 2021 892 2079 aar
909 2027 1044 2082 eacan.
1079 2048 1083 2054 ·

282 2155 286 2164 ⁵
348 2177 475 2254 „Arma
494 2178 654 2256 maseati
671 2197 750 2260 qaum
767 2171 907 2260 mqrci'sse
922 2189 1019 2260 pater
1034 2187 1067 2240 et
1081 2181 1191 2260 patria
1208 2139 1350 2239 contenti¹

267 2288 392 2348 emta
432 2288 483 2342 na.
504 2305 545 2358 μ.
566 2306 592 2358 p.
606 2287 657 2344 es.
1194 2277 1198 2284 ·

269 2527 372 2638 Non
399 2560 528 2635 invidit
549 2560 652 2636 nobis
676 2561 835 2635 Fortuna
861 2563 1064 2662 aenigmatis
1090 2583 1131 2637 ut
1154 2564 1202 2638 ita
1227 2565 1344 2640 dicam

266 2681 414 2754 huiusce
454 2680 685 2774 solutionem;
723 2706 840 2781 neque
876 2683 975 2754 enim
1011 2682 1212 2759 dubitamus
1252 2686 1342 2787 quin

266 2799 400 2874 Velleii
423 2825 568 2872 manum
589 2799 765 2898 assequuti
788 2799 897 2873 simus
918 2799 975 2874 his
997 2803 1112 2876 verbis
1120 2831 1130 2885 z.

375 2939 544 3027 „Armis
572 2942 793 3034 interfecti,
828 2968 943 3035 quus
972 2947 1140 3018 arcuisse
1159 2959 1279 3046 pater
1297 2955 1346 3018 'et

372 3064 507 3157 patria
533 3065 697 3134 contenti
721 3072 875 3135 erant.“
924 3063 925 3066 ’

268 3201 364 3274 Dicit
393 3201 517 3294 enim,
553 3199 699 3300 siquid
734 3199 859 3296 video,
893 3202 1072 3299 Velleius,
1105 3203 1240 3278 occisos
1269 3227 1344 3276 esse

269 3341 304 3398 et
339 3341 482 3398 necatos
511 3345 571 3395 eos
601 3322 739 3411 hostes,
777 3349 933 3420 quorum
965 3324 1053 3398 adeo
1086 3341 1192 3399 antea
1217 3343 1344 3422 poten·
1460 3391 1465 3398 .

266 3445 353 3518 tiam
373 3444 561 3516 timuerant
581 3461 615 3516 et
630 3442 814 3542 Augustus
836 3461 871 3518 et
893 3445 1024 3545 patria,
1053 3466 1094 3519 ut
1115 3446 1196 3518 satis
1216 3469 1343 3544 super·

269 3589 337 3664 que
364 3562 575 3656 habuerint,
607 3561 807 3637 dummodo
835 3590 895 3637 eos
921 3567 963 3637 ab
988 3563 1073 3661 ipsis
1097 3562 1253 3638 Romani
1278 3565 1344 3636 im·

267 3684 359 3786 perii
387 3684 519 3758 finibus
557 3687 748 3756 arcuerint.
816 3683 948 3758 Forma
982 3685 1104 3758 literae
1140 3713 1166 3758 a
1202 3684 1344 3784 duplici

268 3807 391 3880 literae
430 3831 450 3878 c
483 3802 673 3878 consimilis
711 3823 747 3876 et
783 3802 859 3904 ipsa
902 3805 1069 3880 nonnihil
1105 3805 1345 3880 emendationi

271 3952 380 4025 qnam
415 3924 536 3998 inveni
568 3949 666 3997 meae
698 3924 815 3998 favere
838 3922 987 4001 videtur.
1049 3925 1219 4001 Ceterum
1242 3951 1345 4000 voca·

270 4041 350 4116 buli
371 4043 492 4114 armis
517 4041 614 4118 verbi
638 4043 836 4136 interfecti
854 4043 928 4118 vim
951 4042 987 4120 h.
1008 4044 1033 4121 l.
1055 4042 1218 4144 adauget.
