3048 5152
195 523 312 654 Ι74

263 769 358 841 enim
391 795 503 868 quum
539 766 620 839 uehi
652 781 889 864 opponuntur
923 764 1067 838 nonnisi
1092 764 1226 836 vicinae
1257 764 1338 836 urbi

264 887 428 987 regiones
451 907 544 960 sunt.
598 884 842 971 Quamobrem
870 884 1102 957 scribendum
1128 884 1209 956 erit:

361 1031 437 1114 „in
458 1029 549 1099 orbe
564 1029 788 1100 seditionem
807 1029 882 1097 lrac
905 1040 1033 1097 actem
1056 1029 1182 1121 magis
1198 1027 1339 1097 occulte

364 1149 533 1220 bellicam
558 1150 758 1218 tomellum
782 1151 996 1218 macene.“·

262 1289 378 1368 Verba
417 1290 490 1359 lzac
525 1300 653 1358 antem
693 1287 882 1358 coniuncte
917 1287 1048 1385 scripta
1086 1303 1188 1359 erant
1225 1287 1339 1375 lraut3

263 1407 363 1511 quod
385 1407 528 1506 signum
553 1427 593 1478 ut
616 1408 741 1479 assolet
763 1406 951 1506 confusum
977 1424 1037 1478 est.
1088 1403 1215 1502 Neque
1243 1403 1340 1474 enim

261 1530 379 1604 solum
400 1541 444 1597 at
467 1523 530 1598 sed
551 1523 651 1597 haud
674 1553 757 1598 raro
784 1526 890 1597 etiam
912 1539 982 1596 aut
1003 1525 1041 1597 in
1060 1523 1265 1622 diplomatis
1288 1543 1340 1594 est

262 1663 399 1721 antem.

358 1785 523 1886 Denique
549 1804 671 1856 notare
698 1783 781 1855 licet
804 1784 951 1856 nimiam
975 1780 1114 1883 periodi
1134 1782 1242 1855 huius
1262 1784 1341 1854 lon·

263 1907 475 2007 gitudinem,
499 1927 588 2004 quae
613 1929 684 2003 quo
703 1902 922 1976 diminuatur
947 1902 984 1975 in
1012 1902 1098 1974 duos
1115 1900 1340 1976 dissolvenda
1408 1931 1415 1944 ·

261 2029 335 2101 erit.
398 2025 520 2112 Quem
547 2024 585 2097 in
618 2027 731 2096 finem
757 2027 881 2099 vocab.
911 2037 997 2096 erat
1029 2023 1172 2096 alterius
1203 2021 1341 2122 periodi

260 2150 296 2222 in
324 2149 438 2238 exitu,
467 2160 641 2237 atvero,
675 2143 870 2218 abeodem
896 2145 960 2217 illo
989 2145 1113 2222 vocab.
1139 2157 1224 2214 erat
1250 2143 1341 2216 deri-

260 2290 402 2361 vatum,
430 2266 571 2338 alterius
595 2267 632 2336 in
656 2264 757 2338 initio
778 2291 963 2362 ponamus.
1016 2263 1099 2337 Hoc
1119 2262 1248 2336 modo:

368 2409 512 2494 „Dam
557 2408 595 2476 in
644 2407 726 2475 acie
771 2407 999 2475 Pharsalica
1036 2405 1256 2499 Asriccque
1294 2409 1340 2474 de

368 2551 517 2597 samma
543 2551 671 2595 reram
710 2525 857 2595 Caesar
887 2527 1063 2618 dimicat,
1094 2527 1148 2595 M.
1177 2527 1340 2617 Caeliae,

369 2643 453 2740 (vir
488 2646 634 2738 eloquio
674 2645 876 2737 animoque
918 2645 1075 2715 Curioni
1114 2647 1338 2732 simillimae,

370 2766 441 2834 sed
473 2764 512 2833 in
546 2776 704 2858 atroque
723 2766 961 2857 perfectior,
993 2791 1062 2836 nec
1090 2769 1215 2836 minae
1239 2768 1342 2860 inge·

367 2886 473 2955 nicee
500 2881 685 2978 nequam)
715 2907 799 2953 cum
827 2908 874 2952 ne
905 2887 1055 2954 modica
1091 2889 1244 2980 quidem
1270 2887 1341 2956 sol

369 3031 458 3076 vere
475 3014 610 3100 posset
624 3043 675 3058 -
697 3005 835 3098 quippe
852 3006 969 3098 peior
988 3007 1045 3075 illi
1058 3007 1342 3098 reejamiliarie

370 3150 486 3220 qaam
515 3148 620 3193 mene
653 3135 755 3206 erat,
784 3165 835 3178 --
866 3127 907 3194 in
934 3139 1126 3221 praetura
1154 3150 1342 3196 novaram

370 3244 587 3313 tabularum
630 3255 764 3312 auctor
807 3245 951 3313 exstitit
958 3295 970 3330 ,
1019 3248 1236 3342 nequiitque
1275 3248 1342 3315 Se·

370 3363 646 3436 natusconenlti
686 3364 916 3432 anctoritate
956 3366 1115 3434 consilio·
1144 3367 1338 3449 deterreri,

371 3484 492 3552 accito
526 3482 643 3551 etiam
674 3482 816 3551 Milone
841 3483 990 3568 Annio,
1029 3487 1094 3578 qui
1125 3511 1200 3555 non
1224 3487 1343 3579 impe·

369 3614 472 3672 trata
497 3601 626 3669 redita
653 3599 820 3670 Iulianis
847 3602 1029 3696 partibus
1058 3605 1218 3696 infestus
1246 3617 1340 3674 erat.

370 3721 427 3792 At
465 3724 505 3792 in
542 3720 633 3790 orbe
667 3722 909 3806 seditionem,
951 3724 1025 3792 lrac
1059 3737 1186 3796 antem
1219 3726 1344 3819 magis

374 3844 514 3914 occulte
556 3839 727 3911 bellicam
774 3844 973 3912 talmultam
1016 3865 1171 3912 movens
1214 3844 1341 3936 primo

371 3971 577 4032 surcinolae
611 3987 637 4030 a
661 3987 740 4055 rep.
747 4012 760 4046 ,
806 3987 892 4032 mox
926 3962 1185 4050 consularibus
1219 3961 1350 4032 armis·

371 4093 525 4152 auctore
544 4083 688 4154 Senatu
708 4083 811 4154 circa
836 4081 999 4152 Thurios
1024 4105 1226 4178 oppressae
1241 4087 1342 4152 est.“
