3048 5152
568 918 820 1010 carun
868 894 1013 1011 ux
1115 895 1119 902 ’

666 1081 734 1134 vat
750 1080 793 1148 11,
814 1077 858 1133 aa.
877 1077 904 1131 4.

329 1228 585 1314 „certamem
608 1233 813 1296 monetur

739 1377 835 1398 2²³

249 1479 438 1619 Quamvis
465 1537 592 1588 notum
618 1515 662 1586 sit
684 1513 783 1614 quod
808 1514 981 1586 Krausius
1005 1511 1111 1585 docet
1134 1511 1242 1587 verba
1267 1539 1326 1586 co-

247 1635 385 1708 thurnis
427 1636 598 1709 solemnia
635 1660 710 1709 esse
748 1662 775 1708 s.
810 1634 938 1708 vinciri
979 1661 1005 1706 s.
1044 1634 1108 1706 niti
1143 1661 1169 1706 s.
1201 1633 1325 1706 inniti:

247 1730 367 1828 tamen
401 1782 515 1852 neque
549 1755 682 1828 subniti
719 1754 900 1828 cothurnis
935 1753 1007 1827 dici
1038 1774 1174 1854 potest,
1209 1779 1325 1849 neque

248 1871 348 1974 quod
376 1875 483 1973 vulgo
514 1875 644 1973 legitur
673 1876 867 1945 cothurnis
894 1877 1103 1944 succinctus
1133 1873 1326 1946 immutan-

249 1993 338 2066 dum
360 2021 432 2067 esse
456 2022 540 2067 cum
560 1994 697 2067 Orellio
720 1993 949 2065 subtilissimo
970 1993 1166 2066 Latinitatis
1194 1993 1324 2066 arbitro

248 2114 507 2188 contendimus.
559 2114 730 2212 Succingi
755 2111 940 2185 cothurnis
964 2113 1103 2211 poetica
1134 2112 1197 2185 sed
1222 2113 1326 2185 etiam

246 2232 434 2308 Velleiana
469 2235 606 2308 locutio
646 2255 715 2329 est,
753 2234 852 2306 ouius
886 2234 968 2306 loco
999 2259 1123 2328 prosae
1157 2234 1325 2306 orationis
1443 2281 1446 2286 -

245 2354 434 2457 scriptores
475 2355 629 2454 posituri
668 2356 829 2428 fuissent:
884 2353 1080 2426 cothurnos
1125 2354 1324 2427 succinctos

245 2491 394 2571 gestans.
442 2475 489 2548 Et
511 2474 676 2573 respicias
695 2503 825 2574 quaeso
846 2475 1067 2548 Graecorum
1090 2461 1324 2550 ὑποδεῖσθαι.
1368 2506 1369 2510 ’

243 2591 296 2665 Ita
313 2621 369 2692 ap.
381 2594 554 2669 Herodot.
575 2622 607 2688 1,
627 2601 705 2670 155.
721 2597 780 2670 61.
811 2579 1010 2696 κοθόρνους
1026 2582 1252 2670 ductisunt.

579 2983 835 3078 carun
871 2983 985 3078 nx.

544 3144 1023 3218 VQQQZMQQQR

231 3353 233 3360 .
325 3291 439 3366 „Mox
477 3307 581 3359 autem
615 3298 694 3360 ltouc
734 3319 810 3361 aton
845 3300 1025 3362 annuntium
1061 3301 1200 3364 imitatus
1238 3307 1325 3362 est.“

243 3402 459 3474 Μμμη
807 3409 813 3422 ’
959 3400 964 3407 ’

713 3513 841 3536 ’.τ’-’.ΖΞ

244 3619 404 3729 Accidit
423 3655 483 3730 hio
504 3656 605 3758 quod
625 3686 741 3758 saepe,
766 3678 806 3731 ut
820 3659 982 3732 librarius
1001 3686 1092 3759 quac
1109 3661 1194 3732 falsa
1213 3659 1325 3757 scrip-

244 3796 337 3849 serat
360 3799 496 3875 puncto
529 3777 666 3852 deletili
696 3801 817 3852 notare
843 3780 1049 3878 negligeret.
1099 3781 1181 3854 Hoc
1207 3799 1326 3854 autent

243 3895 354 3968 modo
371 3898 408 3969 in
424 3925 582 3974 errorem
599 3897 767 3974 inductus
781 3919 843 3974 est.
889 3901 1089 4000 Legebatur
1111 3903 1147 3974 in
1169 3927 1212 3974 co
1229 3901 1326 3974 unde

241 4013 331 4086 liber
372 4016 618 4093 Murhacensis
664 4022 765 4093 fluxit
807 4020 949 4092 codice:
999 4027 1323 4096 moxouunculums

243 4131 355 4220 Quod
376 4138 467 4209 falso
496 4138 667 4212 dirimens
695 4141 798 4237 legit:
828 4166 915 4212 mox
939 4169 991 4212 ou
1017 4169 1106 4231 unc,
1144 4164 1184 4215 ut
1206 4147 1325 4218 fieret:

243 4281 331 4328 mox
359 4271 488 4329 autem
522 4263 644 4334 launu-
692 4258 795 4345 Quae
829 4281 948 4334 tamen
984 4289 1096 4362 quum
1132 4264 1329 4362 scripsisset

241 4375 383 4470 subito,
430 4376 531 4477 quod
572 4378 712 4471 restitit,
764 4379 859 4452 illud
900 4385 1004 4456 ulum
1044 4381 1326 4458 animadvertens
