3048 5152
1204 608 1274 680 los

202 797 414 897 compendia
441 801 472 868 s’
486 800 532 886 θ’,
561 795 706 868 confiteo
731 795 793 866 illa
819 819 903 870 eum
934 797 1008 868 fine
1033 794 1275 894 praecedentis

200 943 233 990 ν.
264 921 411 990 dixisse.
442 914 669 989 Adiectivum
704 940 816 986 corus
848 913 1069 990 intercidisse
1109 935 1273 1017 putantes

201 1037 362 1137 quamvis
383 1036 485 1110 iuviti
505 1034 734 1109 adversamur
752 1033 983 1129 Ruhnkenio‚
1010 1032 1161 1130 Orellio‚
1187 1035 1272 1112 aliis.

269 1237 389 1312 Verba
418 1242 587 1333 ,‚nedztm
616 1241 704 1311 hinc
729 1241 885 1334 implere
908 1239 1121 1310 tentemus“
1149 1237 1274 1311 Ruhn-

199 1359 326 1432 kenius
349 1359 385 1432 in
403 1361 477 1452 tic,
492 1384 557 1430 nos
578 1357 615 1430 in
638 1361 709 1430 Itoc
723 1355 938 1454 corrigenda
965 1383 1160 1432 censemus.
1198 1355 1274 1456 Op·

199 1479 302 1577 ponit
327 1483 423 1551 enim
437 1459 439 1462 Δ
452 1476 612 1550 Velleius
639 1478 773 1549 iustum
807 1474 918 1568 illud,
949 1475 1049 1578 quod
1076 1478 1146 1551 iam
1167 1505 1274 1577 saepe

199 1596 306 1685 dixit,
332 1623 434 1697 ‘opus
469 1595 575 1688 huie,
616 1595 714 1692 quod
748 1616 898 1689 tractat,
939 1623 1027 1690 suo,
1066 1618 1099 1670 et
1135 1599 1274 1671 facilius

199 1719 314 1790 multo
346 1742 443 1790 exv.
471 1717 559 1786 hinc
583 1714 684 1786 litera
710 1742 736 1786 n
761 1715 999 1813 suprascripta
1027 1716 1115 1790 oriri
1137 1739 1275 1817 poterat

200 1839 290 1928 hoc,
316 1862 423 1936 quam
438 1838 491 1906 'ex
515 1837 598 1928 lric3
635 1837 724 1908 hinc
749 1835 844 1910 enim
870 1836 1044 1910 rarissime
1068 1838 1274 1940 fieriquie·

200 1955 376 2056 quamde
402 1983 467 2030 suo
493 1954 591 2029 addit
610 1956 783 2032 librarius.

296 2157 397 2245 Quae
421 2178 607 2256 postquam
630 2159 760 2256 scripta
782 2179 883 2232 erant
905 2160 1037 2253 denuo,
1064 2158 1194 2232 dubius
1218 2158 1273 2231 iu-

199 2299 388 2378 certusque
421 2277 633 2372 haerebam,
666 2282 933 2376 praelerremne
959 2277 1058 2376 quod
1085 2279 1157 2351 iam
1185 2278 1273 2351 olim

197 2398 295 2499 apud
318 2398 476 2470 animum
507 2426 628 2471 meum
654 2399 809 2471 scribere
837 2399 1105 2471 constitueram:
1148 2399 1272 2494 qualis

197 2522 259 2590 ille
273 2518 442 2590 omnibus
458 2521 599 2611 fuerit.
651 2517 813 2591 Fortasse
838 2519 980 2592 iuvante
998 2505 1158 2590 Fortuna
1173 2517 1273 2590 inve·

197 2637 313 2710 uietur
337 2637 472 2711 Censor
498 2638 625 2738 aliquis
648 2637 941 2732 humanissimus,
970 2638 1033 2738 qui
1060 2663 1118 2710 me
1150 2656 1276 2710 contra

198 2776 330 2828 memet
352 2755 470 2854 ipsum
500 2747 678 2828 defendat.
731 2758 911 2859 Loquutio
937 2773 1001 2832 sat
1028 2772 1085 2830 est
1112 2758 1203 2831 infra
1230 2758 1275 2830 ab

198 2874 275 2974 ipso
303 2876 444 2950 Velleio
469 2875 621 2970 ponitur.

477 3430 732 3523 cam
772 3427 993 3523 ΗΠ.

514 3616 628 3683 voltu,
644 3614 703 3671 104.
720 3633 748 3686 p.
759 3613 812 3668 120
823 3613 864 3672 «t.
876 3613 958 3668 orsu

278 3785 373 3862 „Per
412 3809 507 3851 armos
536 3792 695 3851 sentim
732 3784 832 3849 VIIII
857 3783 1040 3865 praefertas
1072 3791 1127 3842 απτ
1156 3779 1278 3861 teqanoe

195 3900 353 3972 apostotus
368 3911 428 3974 pro
446 3902 540 3972 eaput
556 3892 783 3954 mediocritates
801 3906 890 3950 meae
907 3884 1033 3946 adiutor
1047 3883 1130 3963 '‘ita“
1165 3890 1216 3944 ul.
1237 3907 1278 3960 pr.

196 4017 223 4068 a
246 4000 294 4058 55.

686 4104 780 4114 ‚⁴—

686 4115 781 4126 ...μ-ι-

195 4225 390 4362 Equidem
423 4260 522 4333 hunc
556 4263 677 4335 locum
713 4261 852 4334 salvum
883 4283 956 4329 esse
986 4258 1162 4356 putarim,
1197 4256 1277 4328 reti—

196 4408 285 4456 neus
309 4381 401 4455 illud
425 4395 626 4478 spectatus.
680 4381 853 4480 Apposite
878 4379 973 4452 enim
989 4379 1082 4452 infra
1098 4376 1276 4452 Velleius:
