3048 5152
1234 553 1279 629 71

206 767 280 814 non
308 762 380 813 tam
404 765 466 813 sua
497 743 607 842 ipsius
639 744 839 828 voluntate,
868 767 976 842 quam
989 743 1197 821 necessitate
1219 741 1278 818 co·

207 880 302 932 actus
333 861 432 934 novis
466 863 570 934 rebus
601 861 775 935 studuisse
811 862 936 935 dicitur
973 861 1124 938 Caelius.
1193 863 1279 938 Erat

208 981 304 1054 euim
343 980 492 1054 Curioni
520 982 739 1077 simillimus,
776 1009 884 1084 quem
914 1004 949 1057 et
972 982 1089 1084 ipsum
1122 984 1277 1085 quamvis

205 1100 481 1198 ingeniosissime
510 1131 665 1203 nequam
692 1103 786 1178 dicat
810 1104 985 1196 Velleius,
1017 1125 1135 1181 umen
1161 1103 1278 1179 homi·

208 1246 290 1297 nem
318 1221 422 1321 plane
449 1223 629 1322 perditum
656 1251 728 1298 non
755 1223 890 1298 habuit.

491 1643 741 1737 cattus·
771 1643 996 1740 ΠΝῙῙ.

528 1829 639 1898 vanu,
651 1825 731 1881 ssia.
749 1824 818 1900 pas
832 1827 964 1886 morsu

292 1981 505 2066 „Nequit'tqtae
538 1991 662 2068 sertam
691 1983 724 2060 ἅ
756 1983 944 2044 aamtmitote
980 1977 1064 2044 Coae.
1094 1981 1253 2048 detmari.
1261 1988 1282 2025 ⁴⁸

210 2094 260 2146 Ed.
280 2109 320 2162 pr.
342 2111 369 2161 p.
384 2090 432 2149 41.

210 2331 338 2468 Lipsii
362 2367 459 2440 iussu
486 2367 523 2438 in
545 2366 693 2464 vulgatis
718 2367 865 2463 legitur:
894 2369 1110 2464 nequiitque
1128 2380 1281 2443 senatus

209 2485 242 2581 ἃ
277 2492 505 2561 auctoritate
534 2491 636 2560 Cos:
684 2486 914 2586 ‚‚frequenti,
951 2487 999 2560 ait
1034 2485 1281 2582 Ruhnkenius‚

209 2637 339 2682 vocum
364 2608 610 2681 traiectione.“
661 2607 762 2694 Quae
787 2607 874 2680 sitne
906 2607 1074 2706 frequens
1100 2631 1214 2680 necne
1241 2606 1281 2681 in

211 2728 329 2800 medio
347 2728 604 2827 relinquemus3
632 2727 757 2802 durior
777 2749 871 2800 certe
889 2746 1008 2820 estet,
1034 2753 1113 2798 mea
1138 2725 1283 2823 quidem

212 2849 396 2940 sententia,
429 2848 715 2922 coniecturarum
743 2873 812 2947 ope
838 2847 875 2918 in
908 2866 1043 2918 textum
1069 2873 1143 2919 non
1169 2848 1283 2920 intro·

213 2965 386 3040 ducenda.
451 2965 710 3064 contempleris
739 2991 828 3064 quae
857 2967 961 3038 allata
988 2987 1071 3038 sunt
1096 2967 1278 3065 exempla:

211 3088 248 3161 in
264 3087 430 3160 omnibus
448 3107 543 3160 certa
568 3084 740 3187 quaedam
757 3112 860 3158 cansa
881 3085 976 3182 illius
1001 3086 1193 3163 verborum
1212 3097 1301 3163 tra?

210 3206 369 3290 iectionis
401 3203 596 3305 reperitur(
653 3205 901 3278 Examinemus
932 3231 1022 3305 quae
1051 3205 1285 3284 Ruhnkenius

212 3329 297 3402 citat
316 3326 405 3402 haec
424 3326 603 3399 Suetonii:
638 3325 912 3426 „Triumphalia
937 3346 1156 3420 ornamenta,
1177 3325 1284 3400 etiam

212 3447 428 3549 quaestoriae
450 3445 627 3546 dignitatis
653 3467 687 3518 et
713 3447 894 3520 nonnullis
917 3472 957 3520 ex
980 3445 1136 3546 equestri
1156 3443 1283 3520 ordine

211 3569 367 3666 tribuitf‘
417 3566 520 3656 Quae
550 3594 670 3640 nonne
700 3567 868 3640 facillime
895 3566 945 3640 sio
977 3565 1153 3664 explicare
1181 3562 1283 3638 licet:

214 3693 296 3782 „Et
319 3688 550 3789 triumphalia
569 3701 606 3761 et
632 3688 849 3788 quaestoriae
878 3684 1054 3784 dignitatis
1079 3703 1285 3760 ornamenta

215 3809 331 3878 etiam
352 3807 537 3880 nonnullis
563 3832 604 3878 ex
632 3807 787 3907 equestri
808 3803 935 3880 ordine
956 3800 1137 3880 tribuit?“
1258 3807 1259 3810 ’

314 3943 439 4032 Quum
458 3945 565 4045 igitur
587 3944 783 4019 traiectioni
808 3943 865 4018 vix
889 3944 990 4017 locus
1013 3943 1075 4039 sit,
1102 3970 1287 4046 quumque

212 4065 388 4163 pluralem
415 4066 510 4140 vocis
545 4067 645 4138 Coss.
673 4067 738 4163 (=
765 4064 964 4162 consulum)
999 4089 1193 4141 numerum
1231 4063 1287 4140 hi·

213 4184 319 4258 storia
350 4185 424 4286 ipsa
454 4183 672 4260 condemnet
697 4185 811 4278 (solus
835 4183 931 4262 enim
963 4183 1135 4262 Servilius
1162 4184 1286 4259 adver·

213 4303 355 4377 sabatur
375 4304 511 4402 Caelio)
530 4303 726 4377 assentieris
748 4303 894 4380 fortasse
919 4301 1010 4378 mihi
1029 4302 1077 4376 ita
1101 4301 1285 4378 scribenti:
