3048 5152
266 585 315 660 76

265 773 356 847 iram
388 771 664 870 violentiamque
692 769 765 841 eius
794 793 1012 842 excessuram
1041 767 1177 844 luisse?
1227 771 1340 872 Atqui

266 911 427 992 apparet,
451 891 539 990 quid
561 891 604 964 sit
627 889 759 964 inhoc
782 890 965 964 locutione
982 891 1138 966 ,verbum
1159 891 1336 966 excedere.

349 1035 468 1130 Atque
498 1030 660 1103 Goettius
689 1029 734 1103 V.
763 1032 808 1104 D.
843 1031 893 1104 sie
916 1031 1035 1105 vertit:
1081 1033 1223 1125 „Doch
1243 1037 1340 1129 ging

265 1159 334 1226 der
352 1180 392 1225 so
415 1158 473 1247 ost
483 1155 649 1248 gereizte
665 1154 767 1223 Zoro
785 1155 851 1222 des
866 1152 1032 1222 Fiirsten
1050 1155 1155 1222 nicht
1172 1156 1338 1238 weiter.“

262 1272 454 1346 Enimvero
484 1298 573 1369 quae
606 1271 714 1370 vulgo
738 1271 908 1369 leguntur
938 1271 1124 1344 vernacule
1163 1273 1192 1344 si
1219 1273 1339 1346 reddi-

262 1419 364 1484 mus,
393 1391 483 1462 haec
506 1411 602 1463 sunt:
637 1390 711 1463 Der
733 1390 831 1462 Zorn
860 1391 946 1488 ging
973 1417 1013 1462 so
1038 1396 1147 1478 weit,
1178 1391 1254 1465 dass
1271 1415 1336 1467 etc.
1395 1463 1397 1467 ,

263 1537 353 1611 quae
369 1531 487 1583 tamen
508 1511 677 1610 quoniam
697 1511 817 1609 inepta
839 1532 923 1582 sunt
939 1511 1194 1606 emendemus,
1214 1513 1246 1584 si
1269 1542 1338 1614 qua

261 1630 341 1704 fieri
379 1651 515 1730 potest,
558 1631 855 1728 corrigamusqne.
925 1630 1049 1732 Itaque
1093 1631 1182 1704 haec
1221 1633 1338 1708 habeo

263 1775 352 1850 quae
379 1753 536 1823 offeram.
590 1750 734 1850 Syllaba
762 1752 867 1824 exin
893 1779 936 1821 re
962 1770 1095 1824 mutata
1125 1754 1334 1826 scribamus:

362 1894 442 1982 „In
466 1893 538 1963 hoc
572 1905 699 1963 tomen
724 1919 838 1987 saepe
870 1895 1036 1964 lacessiti
1060 1898 1251 1991 principis
1283 1894 1336 1967 ira

361 2015 545 2097 recessit,
584 2024 626 2081 ut
654 2015 825 2083 censoria
849 2015 983 2106 potius
1016 2027 1210 2086 contentae
1245 2030 1336 2088 noto

360 2155 476 2226 quam
498 2132 829 2200 animadversione
859 2133 1064 2202 dictatoria
1086 2151 1336 2208 summoveret

358 2277 424 2322 eos
449 2275 474 2318 a
495 2253 597 2344 rep.“

259 2390 392 2463 Sensus
421 2410 487 2460 est:
528 2390 694 2458 Attamen
729 2387 770 2459 ab
799 2387 874 2486 ipsa
902 2388 980 2461 irae
1005 2392 1194 2488 eruptione
1222 2425 1336 2498 usqne

258 2509 306 2583 ad
332 2507 676 2582 animadversionem
703 2535 773 2605 qua
802 2508 854 2580 illi
874 2512 1106 2604 satisfaceret,
1131 2515 1168 2588 in
1195 2538 1336 2592 tantum

259 2629 483 2702 deterruerat
504 2629 605 2699 furor
627 2626 720 2720 eius,
745 2647 785 2698 ut
810 2630 966 2701 censoria
996 2653 1183 2709 contentus
1209 2660 1335 2713 notae

261 2773 336 2848 rep.
366 2769 504 2820 tantum
529 2768 729 2856 removeret¹
748 2774 839 2847 quos
864 2748 1052 2824 dictatorio
1074 2753 1226 2854 imperio
1252 2788 1334 2833 usus

258 2869 383 2969 capitis
408 2865 577 2940 damnare
599 2868 778 2968 potuisset.

266 3063 268 3072 .
358 3011 480 3098 Quare
501 3027 541 3080 ut
567 3035 676 3107 supra
704 3035 779 3106 cap.
803 3008 919 3107 primo
947 3013 1120 3111 syllabam
1141 3043 1184 3087 re
1211 3017 1248 3090 in
1278 2989 1356 3114 mr,¹

257 3129 292 3202 h.
314 3130 339 3203 l.
364 3131 536 3228 syllabam
560 3156 606 3198 ex
627 3129 666 3199 in
690 3156 733 3198 re
758 3129 1008 3228 corrigendam
1034 3156 1207 3233 putamus.

357 3268 527 3340 Ceterum
558 3297 668 3368 quam
692 3269 804 3341 modo
832 3271 870 3343 iu
903 3273 1062 3346 medium
1090 3278 1223 3376 protuli
1248 3307 1333 3353 con·

256 3393 429 3465 lecturam
449 3387 546 3460 haud
568 3387 641 3461 scio
666 3417 712 3460 an
737 3416 813 3462 non
826 3389 987 3465 'Orellins
1008 3395 1083 3494 ipse
1107 3425 1176 3496 pro
1193 3423 1238 3471 ea
1263 3430 1332 3500 qua

256 3530 308 3585 est
331 3509 549 3581 humanitate
573 3510 793 3606 praelaturus
818 3510 863 3581 sit
882 3539 988 3584 suae:
1023 3518 1204 3592 discessit.
1262 3520 1330 3596 Cui

256 3632 362 3705 nimis
388 3631 501 3701 multa
518 3628 723 3726 supplenda
750 3649 841 3700 sunt.

359 3775 406 3844 In
431 3773 503 3842 hoo
535 3789 653 3843 autem
685 3791 809 3866 quarto
846 3797 918 3843 non
954 3794 1050 3846 sexto
1082 3803 1164 3850 casu
1195 3779 1331 3856 dictum

256 3917 348 3984 esse,
380 3891 566 3963 confirmat
596 3890 694 3987 qnod
718 3889 766 3983 Il,
785 3893 842 3964 80.
864 3915 896 3963 2.
918 3890 1064 3990 legitur3
1101 3901 1179 3990 „In
1203 3877 1251 3973 'td
1276 3900 1334 3975 ἷιι-Ι

256 4009 347 4083 roris
371 4013 622 4107 processerat.“
1351 4013 1354 4020 '
