<?xml version="1.0" encoding="UTF-8"?>
<!DOCTYPE html PUBLIC "-//W3C//DTD XHTML 1.0 Transitional//EN"
    "http://www.w3.org/TR/xhtml1/DTD/xhtml1-transitional.dtd">
<html xmlns="http://www.w3.org/1999/xhtml" xml:lang="en" lang="en">
 <head>
  <title>
</title>
<meta http-equiv="Content-Type" content="text/html;charset=utf-8" />
  <meta name='ocr-system' content='tesseract 3.04.00' />
  <meta name='ocr-capabilities' content='ocr_page ocr_carea ocr_par ocr_line ocrx_word'/>
</head>
<body>
  <div class='ocr_page' id='page_1' title='image "./locivelleiani00laurgoog_0173.png"; bbox 0 0 3048 5152; ppageno 0'>
   <div class='ocr_carea' id='block_1_1' title="bbox 303 569 374 654">
    <p class='ocr_par' dir='ltr' id='par_1_1' title="bbox 303 569 374 654">
     <span class='ocr_line' id='line_1_1' title="bbox 303 569 374 654; baseline -0.028 -10"><span class='ocrx_word' id='word_1_1' title='bbox 303 569 374 654; x_wconf 78' lang='lat' dir='ltr'>tta</span> 
     </span>
    </p>
   </div>
   <div class='ocr_carea' id='block_1_2' title="bbox 298 756 1379 1339">
    <p class='ocr_par' dir='ltr' id='par_1_2' title="bbox 298 756 1379 1339">
     <span class='ocr_line' id='line_1_2' title="bbox 300 756 1379 851; baseline 0.002 -19"><span class='ocrx_word' id='word_1_2' title='bbox 300 758 385 834; x_wconf 91' lang='lat' dir='ltr'>dicit</span> <span class='ocrx_word' id='word_1_3' title='bbox 426 759 641 835; x_wconf 78' lang='lat' dir='ltr'>inversiones</span> <span class='ocrx_word' id='word_1_4' title='bbox 680 757 817 832; x_wconf 78' lang='lat' dir='ltr'>Velleio</span> <span class='ocrx_word' id='word_1_5' title='bbox 856 758 964 832; x_wconf 75' lang='lat' dir='ltr'>morit</span> <span class='ocrx_word' id='word_1_6' title='bbox 1001 783 1100 851; x_wconf 82' lang='lat' dir='ltr'>esse,</span> <span class='ocrx_word' id='word_1_7' title='bbox 1140 779 1258 832; x_wconf 89' lang='lat' dir='ltr'>tamen</span> <span class='ocrx_word' id='word_1_8' title='bbox 1291 756 1379 834; x_wconf 85' lang='lat' dir='ltr'>h.l.</span> 
     </span>
     <span class='ocr_line' id='line_1_3' title="bbox 300 878 1376 978; baseline -0.002 -26"><span class='ocrx_word' id='word_1_9' title='bbox 300 883 441 978; x_wconf 75' lang='lat' dir='ltr'>quietio·</span> <span class='ocrx_word' id='word_1_10' title='bbox 459 881 604 954; x_wconf 88' lang='lat' dir='ltr'>minime</span> <span class='ocrx_word' id='word_1_11' title='bbox 630 881 653 954; x_wconf 83' lang='lat' dir='ltr'>i.</span> <span class='ocrx_word' id='word_1_12' title='bbox 679 897 731 952; x_wconf 82' lang='lat' dir='ltr'>est</span> <span class='ocrx_word' id='word_1_13' title='bbox 755 905 787 976; x_wconf 94' lang='lat' dir='ltr'>q.</span> <span class='ocrx_word' id='word_1_14' title='bbox 824 883 1029 970; x_wconf 72' lang='lat' dir='ltr'>nomnium,</span> <span class='ocrx_word' id='word_1_15' title='bbox 1061 879 1123 954; x_wconf 91' lang='lat' dir='ltr'>sed</span> <span class='ocrx_word' id='word_1_16' title='bbox 1154 878 1376 954; x_wconf 82' lang='lat' dir='ltr'>denuntiatio</span> 
     </span>
     <span class='ocr_line' id='line_1_4' title="bbox 299 998 1374 1102; baseline -0.002 -30"><span class='ocrx_word' id='word_1_17' title='bbox 299 1000 423 1100; x_wconf 89' lang='lat' dir='ltr'>quietis</span> <span class='ocrx_word' id='word_1_18' title='bbox 436 1019 491 1074; x_wconf 79' lang='lat' dir='ltr'>&#39;cet</span> <span class='ocrx_word' id='word_1_19' title='bbox 505 998 728 1074; x_wconf 79' lang='lat' dir='ltr'>denuntiatio</span> <span class='ocrx_word' id='word_1_20' title='bbox 742 999 870 1093; x_wconf 84' lang='lat' dir='ltr'>somni,</span> <span class='ocrx_word' id='word_1_21' title='bbox 894 999 1113 1076; x_wconf 81' lang='lat' dir='ltr'>denuntiatio</span> <span class='ocrx_word' id='word_1_22' title='bbox 1138 1025 1202 1102; x_wconf 84' lang='lat' dir='ltr'>per</span> <span class='ocrx_word' id='word_1_23' title='bbox 1217 1000 1374 1100; x_wconf 81' lang='lat' dir='ltr'>quietem</span> 
     </span>
     <span class='ocr_line' id='line_1_5' title="bbox 298 1118 1376 1217; baseline -0.003 -24"><span class='ocrx_word' id='word_1_24' title='bbox 298 1119 492 1193; x_wconf 84' lang='lat' dir='ltr'>dormienti</span> <span class='ocrx_word' id='word_1_25' title='bbox 513 1123 624 1207; x_wconf 87' lang='lat' dir='ltr'>lacta,</span> <span class='ocrx_word' id='word_1_26' title='bbox 656 1118 755 1192; x_wconf 90' lang='lat' dir='ltr'>unde</span> <span class='ocrx_word' id='word_1_27' title='bbox 780 1122 987 1214; x_wconf 82' lang='lat' dir='ltr'>manijeato</span> <span class='ocrx_word' id='word_1_28' title='bbox 1013 1123 1119 1217; x_wconf 82' lang='lat' dir='ltr'>quiec</span> <span class='ocrx_word' id='word_1_29' title='bbox 1144 1120 1270 1194; x_wconf 90' lang='lat' dir='ltr'>durior</span> <span class='ocrx_word' id='word_1_30' title='bbox 1290 1144 1376 1191; x_wconf 89' lang='lat' dir='ltr'>saue</span> 
     </span>
     <span class='ocr_line' id='line_1_6' title="bbox 300 1239 589 1339; baseline -0.007 -27"><span class='ocrx_word' id='word_1_31' title='bbox 300 1261 390 1314; x_wconf 84' lang='lat' dir='ltr'>esset</span> <span class='ocrx_word' id='word_1_32' title='bbox 413 1239 589 1339; x_wconf 86' lang='lat' dir='ltr'>loquutio.</span> 
     </span>
    </p>
   </div>
   <div class='ocr_carea' id='block_1_3' title="bbox 695 1434 974 1535">
    <p class='ocr_par' dir='ltr' id='par_1_3' title="bbox 695 1434 974 1535">
     <span class='ocr_line' id='line_1_7' title="bbox 695 1434 974 1535; baseline 0.007 -28"><span class='ocrx_word' id='word_1_33' title='bbox 695 1434 776 1535; x_wconf 82' lang='lat' dir='ltr'>Pag.</span> <span class='ocrx_word' id='word_1_34' title='bbox 797 1445 850 1514; x_wconf 79' lang='lat'>97.</span> <span class='ocrx_word' id='word_1_35' title='bbox 874 1463 908 1515; x_wconf 77' lang='lat' dir='ltr'>v,</span> <span class='ocrx_word' id='word_1_36' title='bbox 922 1435 974 1513; x_wconf 71' lang='lat'>11.</span> 
     </span>
    </p>
   </div>
   <div class='ocr_carea' id='block_1_4' title="bbox 216 1553 1376 4316">
    <p class='ocr_par' dir='ltr' id='par_1_4' title="bbox 216 1553 1376 4316">
     <span class='ocr_line' id='line_1_8' title="bbox 396 1553 1376 1672; baseline -0.002 -24"><span class='ocrx_word' id='word_1_37' title='bbox 396 1575 443 1669; x_wconf 86' lang='lat' dir='ltr'>ll,</span> <span class='ocrx_word' id='word_1_38' title='bbox 461 1579 517 1671; x_wconf 89' lang='lat'>78.</span> <span class='ocrx_word' id='word_1_39' title='bbox 540 1601 568 1649; x_wconf 92' lang='lat'>1.</span> <span class='ocrx_word' id='word_1_40' title='bbox 600 1602 754 1648; x_wconf 88' lang='lat' dir='ltr'>uxorem</span> <span class='ocrx_word' id='word_1_41' title='bbox 770 1555 983 1672; x_wconf 76' lang='lat' dir='ltr'>Pompeius.</span> <span class='ocrx_word' id='word_1_42' title='bbox 1033 1553 1090 1646; x_wconf 83' lang='lat' dir='ltr'>De</span> <span class='ocrx_word' id='word_1_43' title='bbox 1105 1571 1306 1647; x_wconf 90' lang='lat' dir='ltr'>inducendo</span> <span class='ocrx_word' id='word_1_44' title='bbox 1321 1615 1376 1631; x_wconf 90' lang='lat'><em>-</em></span> 
     </span>
     <span class='ocr_line' id='line_1_9' title="bbox 297 1673 1374 1793; baseline -0.002 -24"><span class='ocrx_word' id='word_1_45' title='bbox 297 1718 338 1769; x_wconf 94' lang='lat' dir='ltr'>ut</span> <span class='ocrx_word' id='word_1_46' title='bbox 372 1673 437 1768; x_wconf 85' lang='lat' dir='ltr'>alia</span> <span class='ocrx_word' id='word_1_47' title='bbox 466 1697 625 1768; x_wconf 89' lang='lat' dir='ltr'>omittam</span> <span class='ocrx_word' id='word_1_48' title='bbox 654 1740 703 1753; x_wconf 92' lang='lat'>-</span> <span class='ocrx_word' id='word_1_49' title='bbox 735 1725 767 1770; x_wconf 87' lang='lat' dir='ltr'>v.</span> <span class='ocrx_word' id='word_1_50' title='bbox 799 1699 970 1766; x_wconf 84' lang='lat' dir='ltr'>redierat</span> <span class='ocrx_word' id='word_1_51' title='bbox 1002 1675 1077 1765; x_wconf 85' lang='lat' dir='ltr'>uon</span> <span class='ocrx_word' id='word_1_52' title='bbox 1111 1719 1255 1793; x_wconf 87' lang='lat' dir='ltr'>possum</span> <span class='ocrx_word' id='word_1_53' title='bbox 1283 1695 1374 1793; x_wconf 91' lang='lat' dir='ltr'>quin</span> 
     </span>
     <span class='ocr_line' id='line_1_10' title="bbox 297 1795 1375 1912; baseline -0.002 -23"><span class='ocrx_word' id='word_1_54' title='bbox 297 1816 497 1889; x_wconf 81' lang='lat' dir='ltr'>dissentiam</span> <span class='ocrx_word' id='word_1_55' title='bbox 529 1819 572 1888; x_wconf 89' lang='lat' dir='ltr'>ab</span> <span class='ocrx_word' id='word_1_56' title='bbox 603 1815 751 1889; x_wconf 85' lang='lat' dir='ltr'>Orellio.</span> <span class='ocrx_word' id='word_1_57' title='bbox 814 1813 932 1901; x_wconf 88' lang='lat' dir='ltr'>Quam</span> <span class='ocrx_word' id='word_1_58' title='bbox 969 1813 1181 1912; x_wconf 90' lang='lat' dir='ltr'>Pompeium</span> <span class='ocrx_word' id='word_1_59' title='bbox 1213 1795 1303 1887; x_wconf 87' lang='lat' dir='ltr'>iuter</span> <span class='ocrx_word' id='word_1_60' title='bbox 1338 1833 1375 1887; x_wconf 90' lang='lat' dir='ltr'>et</span> 
     </span>
     <span class='ocr_line' id='line_1_11' title="bbox 295 1934 1371 2038; baseline 0 -31"><span class='ocrx_word' id='word_1_61' title='bbox 295 1934 498 2008; x_wconf 85' lang='lat' dir='ltr'>Antonium</span> <span class='ocrx_word' id='word_1_62' title='bbox 532 1935 716 2009; x_wconf 83' lang='lat' dir='ltr'>antithesin</span> <span class='ocrx_word' id='word_1_63' title='bbox 754 1961 826 2034; x_wconf 93' lang='lat' dir='ltr'>quo</span> <span class='ocrx_word' id='word_1_64' title='bbox 865 1934 1042 2038; x_wconf 84' lang='lat' dir='ltr'>pertineat</span> <span class='ocrx_word' id='word_1_65' title='bbox 1082 1934 1245 2032; x_wconf 83' lang='lat' dir='ltr'>explicari</span> <span class='ocrx_word' id='word_1_66' title='bbox 1271 1935 1371 2008; x_wconf 90' lang='lat' dir='ltr'>iubet</span> 
     </span>
     <span class='ocr_line' id='line_1_12' title="bbox 297 2052 1370 2151; baseline -0.003 -23"><span class='ocrx_word' id='word_1_67' title='bbox 297 2055 475 2148; x_wconf 87' lang='lat' dir='ltr'>Orellius‚</span> <span class='ocrx_word' id='word_1_68' title='bbox 510 2081 587 2126; x_wconf 88' lang='lat' dir='ltr'>eam</span> <span class='ocrx_word' id='word_1_69' title='bbox 621 2052 789 2151; x_wconf 92' lang='lat' dir='ltr'>equidem</span> <span class='ocrx_word' id='word_1_70' title='bbox 822 2053 970 2128; x_wconf 93' lang='lat' dir='ltr'>omniuo</span> <span class='ocrx_word' id='word_1_71' title='bbox 996 2078 1070 2124; x_wconf 90' lang='lat' dir='ltr'>uon</span> <span class='ocrx_word' id='word_1_72' title='bbox 1092 2052 1247 2127; x_wconf 86' lang='lat' dir='ltr'>invenio.</span> <span class='ocrx_word' id='word_1_73' title='bbox 1300 2052 1370 2128; x_wconf 89' lang='lat' dir='ltr'>Sed</span> 
     </span>
     <span class='ocr_line' id='line_1_13' title="bbox 297 2157 1373 2276; baseline 0 -28"><span class='ocrx_word' id='word_1_74' title='bbox 297 2157 562 2276; x_wconf 83' lang='lat' dir='ltr'>componuntur</span> <span class='ocrx_word' id='word_1_75' title='bbox 603 2172 638 2245; x_wconf 84' lang='lat' dir='ltr'>lt</span> <span class='ocrx_word' id='word_1_76' title='bbox 667 2174 691 2247; x_wconf 89' lang='lat' dir='ltr'>l.</span> <span class='ocrx_word' id='word_1_77' title='bbox 725 2173 916 2271; x_wconf 77' lang='lat' dir='ltr'>Pompeius</span> <span class='ocrx_word' id='word_1_78' title='bbox 954 2173 1133 2246; x_wconf 87' lang='lat' dir='ltr'>Antonius</span> <span class='ocrx_word' id='word_1_79' title='bbox 1167 2194 1202 2246; x_wconf 84' lang='lat' dir='ltr'>et</span> <span class='ocrx_word' id='word_1_80' title='bbox 1232 2173 1373 2248; x_wconf 85' lang='lat' dir='ltr'>Caesar.</span> 
     </span>
     <span class='ocr_line' id='line_1_14' title="bbox 294 2294 1371 2395; baseline -0.003 -28"><span class='ocrx_word' id='word_1_81' title='bbox 294 2294 514 2395; x_wconf 82' lang='lat' dir='ltr'>Paragraphi</span> <span class='ocrx_word' id='word_1_82' title='bbox 546 2294 652 2368; x_wconf 84' lang='lat' dir='ltr'>huius</span> <span class='ocrx_word' id='word_1_83' title='bbox 679 2321 734 2369; x_wconf 88' lang='lat' dir='ltr'>vv.</span> <span class='ocrx_word' id='word_1_84' title='bbox 753 2297 949 2366; x_wconf 79' lang='lat' dir='ltr'>Redierat</span> <span class='ocrx_word' id='word_1_85' title='bbox 977 2298 1178 2390; x_wconf 72' lang='lat' dir='ltr'>Pompeius</span> <span class='ocrx_word' id='word_1_86' title='bbox 1211 2298 1250 2366; x_wconf 81' lang='lat' dir='ltr'>iu</span> <span class='ocrx_word' id='word_1_87' title='bbox 1276 2297 1371 2378; x_wconf 82' lang='lat' dir='ltr'>Sici·</span> 
     </span>
     <span class='ocr_line' id='line_1_15' title="bbox 294 2413 1370 2514; baseline 0.001 -28"><span class='ocrx_word' id='word_1_88' title='bbox 294 2418 407 2501; x_wconf 85' lang='lat' dir='ltr'>liam,</span> <span class='ocrx_word' id='word_1_89' title='bbox 438 2415 629 2488; x_wconf 76' lang='lat' dir='ltr'>Antonino</span> <span class='ocrx_word' id='word_1_90' title='bbox 655 2418 694 2486; x_wconf 86' lang='lat' dir='ltr'>irt</span> <span class='ocrx_word' id='word_1_91' title='bbox 716 2417 942 2510; x_wconf 77' lang='lat' dir='ltr'>provinciae</span> <span class='ocrx_word' id='word_1_92' title='bbox 970 2413 1090 2514; x_wconf 86' lang='lat' dir='ltr'>quoad</span> <span class='ocrx_word' id='word_1_93' title='bbox 1118 2440 1261 2488; x_wconf 89' lang='lat' dir='ltr'>sensum</span> <span class='ocrx_word' id='word_1_94' title='bbox 1283 2441 1370 2488; x_wconf 88' lang='lat' dir='ltr'>con·</span> 
     </span>
     <span class='ocr_line' id='line_1_16' title="bbox 293 2533 1371 2633; baseline 0.001 -28"><span class='ocrx_word' id='word_1_95' title='bbox 293 2535 488 2633; x_wconf 76' lang='lat' dir='ltr'>iungantur</span> <span class='ocrx_word' id='word_1_96' title='bbox 522 2561 664 2608; x_wconf 90' lang='lat' dir='ltr'>necesse</span> <span class='ocrx_word' id='word_1_97' title='bbox 697 2553 749 2606; x_wconf 90' lang='lat' dir='ltr'>est</span> <span class='ocrx_word' id='word_1_98' title='bbox 779 2561 862 2607; x_wconf 90' lang='lat' dir='ltr'>cum</span> <span class='ocrx_word' id='word_1_99' title='bbox 895 2533 937 2605; x_wconf 90' lang='lat' dir='ltr'>iis</span> <span class='ocrx_word' id='word_1_100' title='bbox 962 2561 1018 2607; x_wconf 85' lang='lat' dir='ltr'>vv.</span> <span class='ocrx_word' id='word_1_101' title='bbox 1050 2561 1070 2606; x_wconf 88' lang='lat' dir='ltr'>a</span> <span class='ocrx_word' id='word_1_102' title='bbox 1104 2534 1231 2633; x_wconf 87' lang='lat' dir='ltr'>quihus</span> <span class='ocrx_word' id='word_1_103' title='bbox 1262 2534 1371 2606; x_wconf 88' lang='lat' dir='ltr'>altera</span> 
     </span>
     <span class='ocr_line' id='line_1_17' title="bbox 294 2653 1371 2752; baseline 0 -26"><span class='ocrx_word' id='word_1_104' title='bbox 294 2655 419 2752; x_wconf 85' lang='lat' dir='ltr'>incipit</span> <span class='ocrx_word' id='word_1_105' title='bbox 445 2653 559 2752; x_wconf 75' lang='lat' dir='ltr'>§phun</span> <span class='ocrx_word' id='word_1_106' title='bbox 584 2656 743 2724; x_wconf 77' lang='lat' dir='ltr'>Interim</span> <span class='ocrx_word' id='word_1_107' title='bbox 773 2655 917 2724; x_wconf 72' lang='lat' dir='ltr'>Caesar</span> <span class='ocrx_word' id='word_1_108' title='bbox 939 2674 974 2725; x_wconf 93' lang='lat' dir='ltr'>et</span> <span class='ocrx_word' id='word_1_109' title='bbox 990 2680 1021 2750; x_wconf 89' lang='lat' dir='ltr'>q.</span> <span class='ocrx_word' id='word_1_110' title='bbox 1043 2681 1070 2726; x_wconf 86' lang='lat' dir='ltr'>s.</span> <span class='ocrx_word' id='word_1_111' title='bbox 1119 2655 1269 2726; x_wconf 85' lang='lat' dir='ltr'>Enarrat</span> <span class='ocrx_word' id='word_1_112' title='bbox 1283 2653 1371 2726; x_wconf 90' lang='lat' dir='ltr'>Vel-</span> 
     </span>
     <span class='ocr_line' id='line_1_18' title="bbox 294 2773 1370 2873; baseline 0.001 -27"><span class='ocrx_word' id='word_1_113' title='bbox 294 2774 400 2867; x_wconf 88' lang='lat' dir='ltr'>leius,</span> <span class='ocrx_word' id='word_1_114' title='bbox 430 2775 516 2846; x_wconf 83' lang='lat' dir='ltr'>dtun</span> <span class='ocrx_word' id='word_1_115' title='bbox 540 2773 732 2873; x_wconf 87' lang='lat' dir='ltr'>Pompeius</span> <span class='ocrx_word' id='word_1_116' title='bbox 759 2773 796 2845; x_wconf 89' lang='lat' dir='ltr'>in</span> <span class='ocrx_word' id='word_1_117' title='bbox 816 2773 958 2864; x_wconf 86' lang='lat' dir='ltr'>Sicilia,</span> <span class='ocrx_word' id='word_1_118' title='bbox 986 2773 1165 2846; x_wconf 86' lang='lat' dir='ltr'>Antonius</span> <span class='ocrx_word' id='word_1_119' title='bbox 1193 2773 1229 2845; x_wconf 90' lang='lat' dir='ltr'>in</span> <span class='ocrx_word' id='word_1_120' title='bbox 1245 2793 1370 2862; x_wconf 42' lang='lat' dir='ltr'>‚traus-</span> 
     </span>
     <span class='ocr_line' id='line_1_19' title="bbox 294 2891 1369 2992; baseline 0.001 -26"><span class='ocrx_word' id='word_1_121' title='bbox 294 2894 441 2968; x_wconf 85' lang='lat' dir='ltr'>marinis</span> <span class='ocrx_word' id='word_1_122' title='bbox 465 2893 659 2992; x_wconf 88' lang='lat' dir='ltr'>provinciis</span> <span class='ocrx_word' id='word_1_123' title='bbox 674 2892 796 2984; x_wconf 84' lang='lat' dir='ltr'>fuerit,</span> <span class='ocrx_word' id='word_1_124' title='bbox 817 2891 1002 2968; x_wconf 81' lang='lat' dir='ltr'>Caesarem</span> <span class='ocrx_word' id='word_1_125' title='bbox 1017 2892 1054 2963; x_wconf 90' lang='lat' dir='ltr'>in</span> <span class='ocrx_word' id='word_1_126' title='bbox 1070 2892 1212 2992; x_wconf 89' lang='lat' dir='ltr'>Illyrico</span> <span class='ocrx_word' id='word_1_127' title='bbox 1224 2894 1369 2967; x_wconf 89' lang='lat' dir='ltr'>Delma·</span> 
     </span>
     <span class='ocr_line' id='line_1_20' title="bbox 294 3010 1368 3115; baseline -0.003 -27"><span class='ocrx_word' id='word_1_128' title='bbox 294 3017 413 3115; x_wconf 88' lang='lat' dir='ltr'>tiaque</span> <span class='ocrx_word' id='word_1_129' title='bbox 437 3034 618 3089; x_wconf 87' lang='lat' dir='ltr'>versatum</span> <span class='ocrx_word' id='word_1_130' title='bbox 637 3037 721 3085; x_wconf 82' lang='lat' dir='ltr'>esse.</span> <span class='ocrx_word' id='word_1_131' title='bbox 770 3010 891 3097; x_wconf 82' lang='lat' dir='ltr'>Quare</span> <span class='ocrx_word' id='word_1_132' title='bbox 909 3041 1021 3111; x_wconf 88' lang='lat' dir='ltr'>quum</span> <span class='ocrx_word' id='word_1_133' title='bbox 1040 3011 1208 3085; x_wconf 89' lang='lat' dir='ltr'>dicuntur</span> <span class='ocrx_word' id='word_1_134' title='bbox 1227 3014 1298 3086; x_wconf 91' lang='lat' dir='ltr'>loci</span> <span class='ocrx_word' id='word_1_135' title='bbox 1313 3013 1368 3085; x_wconf 89' lang='lat' dir='ltr'>illi</span> 
     </span>
     <span class='ocr_line' id='line_1_21' title="bbox 295 3129 1368 3236; baseline 0.001 -29"><span class='ocrx_word' id='word_1_136' title='bbox 295 3136 423 3236; x_wconf 90' lang='lat' dir='ltr'>quibus</span> <span class='ocrx_word' id='word_1_137' title='bbox 442 3133 572 3208; x_wconf 85' lang='lat' dir='ltr'>eodem</span> <span class='ocrx_word' id='word_1_138' title='bbox 588 3155 751 3231; x_wconf 86' lang='lat' dir='ltr'>tempore</span> <span class='ocrx_word' id='word_1_139' title='bbox 768 3135 981 3205; x_wconf 84' lang='lat' dir='ltr'>fuerinttrcs</span> <span class='ocrx_word' id='word_1_140' title='bbox 995 3133 1130 3226; x_wconf 78' lang='lat' dir='ltr'>illiviri,</span> <span class='ocrx_word' id='word_1_141' title='bbox 1157 3129 1246 3207; x_wconf 89' lang='lat' dir='ltr'>nihil</span> <span class='ocrx_word' id='word_1_142' title='bbox 1261 3133 1368 3208; x_wconf 88' lang='lat' dir='ltr'>video</span> 
     </span>
     <span class='ocr_line' id='line_1_22' title="bbox 291 3253 1364 3355; baseline -0.001 -28"><span class='ocrx_word' id='word_1_143' title='bbox 291 3257 328 3328; x_wconf 91' lang='lat' dir='ltr'>iu</span> <span class='ocrx_word' id='word_1_144' title='bbox 355 3281 474 3328; x_wconf 84' lang='lat' dir='ltr'>caussa</span> <span class='ocrx_word' id='word_1_145' title='bbox 500 3281 650 3328; x_wconf 86' lang='lat' dir='ltr'>essecur</span> <span class='ocrx_word' id='word_1_146' title='bbox 668 3253 810 3328; x_wconf 81' lang='lat' dir='ltr'>Velleio</span> <span class='ocrx_word' id='word_1_147' title='bbox 835 3280 909 3328; x_wconf 89' lang='lat' dir='ltr'>nou</span> <span class='ocrx_word' id='word_1_148' title='bbox 934 3253 1073 3327; x_wconf 86' lang='lat' dir='ltr'>licuerit</span> <span class='ocrx_word' id='word_1_149' title='bbox 1102 3280 1249 3327; x_wconf 88' lang='lat' dir='ltr'>narrare</span> <span class='ocrx_word' id='word_1_150' title='bbox 1275 3280 1364 3355; x_wconf 92' lang='lat' dir='ltr'>quae</span> 
     </span>
     <span class='ocr_line' id='line_1_23' title="bbox 293 3373 1363 3477; baseline -0.002 -27"><span class='ocrx_word' id='word_1_151' title='bbox 293 3397 422 3450; x_wconf 84' lang='lat' dir='ltr'>narrat</span> <span class='ocrx_word' id='word_1_152' title='bbox 450 3417 498 3434; x_wconf 90' lang='lat'><em>-</em></span> <span class='ocrx_word' id='word_1_153' title='bbox 550 3374 682 3477; x_wconf 88' lang='lat' dir='ltr'>Capitis</span> <span class='ocrx_word' id='word_1_154' title='bbox 711 3401 755 3470; x_wconf 87' lang='lat'>77</span> <span class='ocrx_word' id='word_1_155' title='bbox 787 3374 891 3449; x_wconf 90' lang='lat' dir='ltr'>initio</span> <span class='ocrx_word' id='word_1_156' title='bbox 917 3373 1110 3472; x_wconf 87' lang='lat' dir='ltr'>Pompeius</span> <span class='ocrx_word' id='word_1_157' title='bbox 1140 3374 1233 3448; x_wconf 83' lang='lat' dir='ltr'>circa</span> <span class='ocrx_word' id='word_1_158' title='bbox 1259 3376 1363 3448; x_wconf 83' lang='lat' dir='ltr'>Mise-</span> 
     </span>
     <span class='ocr_line' id='line_1_24' title="bbox 293 3496 1368 3594; baseline 0 -24"><span class='ocrx_word' id='word_1_159' title='bbox 293 3525 381 3570; x_wconf 89' lang='lat' dir='ltr'>num</span> <span class='ocrx_word' id='word_1_160' title='bbox 405 3497 509 3570; x_wconf 81' lang='lat' dir='ltr'>fuisse</span> <span class='ocrx_word' id='word_1_161' title='bbox 532 3496 680 3587; x_wconf 85' lang='lat' dir='ltr'>dicitur,</span> <span class='ocrx_word' id='word_1_162' title='bbox 706 3522 778 3594; x_wconf 94' lang='lat' dir='ltr'>quo</span> <span class='ocrx_word' id='word_1_163' title='bbox 804 3517 994 3594; x_wconf 89' lang='lat' dir='ltr'>autequam</span> <span class='ocrx_word' id='word_1_164' title='bbox 1018 3496 1239 3594; x_wconf 84' lang='lat' dir='ltr'>perveniret,</span> <span class='ocrx_word' id='word_1_165' title='bbox 1265 3497 1368 3570; x_wconf 90' lang='lat' dir='ltr'>Mur·</span> 
     </span>
     <span class='ocr_line' id='line_1_25' title="bbox 294 3616 1369 3716; baseline 0.001 -26"><span class='ocrx_word' id='word_1_166' title='bbox 294 3646 376 3690; x_wconf 87' lang='lat' dir='ltr'>cum</span> <span class='ocrx_word' id='word_1_167' title='bbox 401 3619 439 3690; x_wconf 91' lang='lat' dir='ltr'>iu</span> <span class='ocrx_word' id='word_1_168' title='bbox 469 3618 589 3691; x_wconf 89' lang='lat' dir='ltr'>Sicilia</span> <span class='ocrx_word' id='word_1_169' title='bbox 615 3617 860 3705; x_wconf 81' lang='lat' dir='ltr'>interfecerat3</span> <span class='ocrx_word' id='word_1_170' title='bbox 901 3636 982 3713; x_wconf 89' lang='lat' dir='ltr'>post</span> <span class='ocrx_word' id='word_1_171' title='bbox 1016 3636 1133 3686; x_wconf 89' lang='lat' dir='ltr'>autem</span> <span class='ocrx_word' id='word_1_172' title='bbox 1159 3642 1246 3716; x_wconf 89' lang='lat' dir='ltr'>pace</span> <span class='ocrx_word' id='word_1_173' title='bbox 1272 3616 1369 3690; x_wconf 83' lang='lat' dir='ltr'>circa</span> 
     </span>
     <span class='ocr_line' id='line_1_26' title="bbox 290 3733 1367 3836; baseline -0.002 -26"><span class='ocrx_word' id='word_1_174' title='bbox 290 3736 470 3810; x_wconf 82' lang='lat' dir='ltr'>Misenum</span> <span class='ocrx_word' id='word_1_175' title='bbox 491 3738 579 3810; x_wconf 90' lang='lat' dir='ltr'>inita</span> <span class='ocrx_word' id='word_1_176' title='bbox 602 3738 640 3808; x_wconf 90' lang='lat' dir='ltr'>in</span> <span class='ocrx_word' id='word_1_177' title='bbox 663 3736 820 3809; x_wconf 86' lang='lat' dir='ltr'>Siciliam</span> <span class='ocrx_word' id='word_1_178' title='bbox 845 3733 1010 3807; x_wconf 84' lang='lat' dir='ltr'>redierat.</span> <span class='ocrx_word' id='word_1_179' title='bbox 1060 3735 1144 3814; x_wconf 84' lang='lat' dir='ltr'>Vid.</span> <span class='ocrx_word' id='word_1_180' title='bbox 1166 3737 1295 3836; x_wconf 72' lang='lat' dir='ltr'>Krane.</span> <span class='ocrx_word' id='word_1_181' title='bbox 1318 3735 1367 3809; x_wconf 92' lang='lat' dir='ltr'>ad</span> 
     </span>
     <span class='ocr_line' id='line_1_27' title="bbox 290 3857 1366 3956; baseline -0.003 -24"><span class='ocrx_word' id='word_1_182' title='bbox 290 3886 345 3932; x_wconf 85' lang='lat' dir='ltr'>vv.</span> <span class='ocrx_word' id='word_1_183' title='bbox 382 3861 548 3930; x_wconf 84' lang='lat' dir='ltr'>Statium</span> <span class='ocrx_word' id='word_1_184' title='bbox 578 3870 706 3928; x_wconf 85' lang='lat' dir='ltr'>autem</span> <span class='ocrx_word' id='word_1_185' title='bbox 728 3858 904 3926; x_wconf 86' lang='lat' dir='ltr'>Murcum</span> <span class='ocrx_word' id='word_1_186' title='bbox 939 3882 968 3925; x_wconf 91' lang='lat' dir='ltr'>c.</span> <span class='ocrx_word' id='word_1_187' title='bbox 983 3882 1039 3950; x_wconf 84' lang='lat'>77.</span> <span class='ocrx_word' id='word_1_188' title='bbox 1061 3860 1092 3927; x_wconf 81' lang='lat'>5.</span> <span class='ocrx_word' id='word_1_189' title='bbox 1144 3857 1304 3956; x_wconf 85' lang='lat' dir='ltr'>Uterque</span> <span class='ocrx_word' id='word_1_190' title='bbox 1329 3876 1366 3930; x_wconf 88' lang='lat' dir='ltr'>et</span> 
     </span>
     <span class='ocr_line' id='line_1_28' title="bbox 290 3969 1365 4075; baseline -0.001 -28"><span class='ocrx_word' id='word_1_191' title='bbox 290 3975 480 4075; x_wconf 89' lang='lat' dir='ltr'>Pompeius</span> <span class='ocrx_word' id='word_1_192' title='bbox 513 3998 548 4052; x_wconf 88' lang='lat' dir='ltr'>et</span> <span class='ocrx_word' id='word_1_193' title='bbox 573 3969 772 4070; x_wconf 79' lang='lat' dir='ltr'>Antonius,</span> <span class='ocrx_word' id='word_1_194' title='bbox 807 4002 875 4049; x_wconf 89' lang='lat' dir='ltr'>nec</span> <span class='ocrx_word' id='word_1_195' title='bbox 903 4001 976 4048; x_wconf 89' lang='lat' dir='ltr'>nou</span> <span class='ocrx_word' id='word_1_196' title='bbox 1007 3977 1067 4074; x_wconf 93' lang='lat' dir='ltr'>qui</span> <span class='ocrx_word' id='word_1_197' title='bbox 1097 4006 1168 4051; x_wconf 89' lang='lat' dir='ltr'>una</span> <span class='ocrx_word' id='word_1_198' title='bbox 1200 4005 1282 4050; x_wconf 91' lang='lat' dir='ltr'>cum</span> <span class='ocrx_word' id='word_1_199' title='bbox 1309 3975 1365 4047; x_wconf 85' lang='lat' dir='ltr'>his</span> 
     </span>
     <span class='ocr_line' id='line_1_29' title="bbox 289 4094 1366 4198; baseline -0.002 -28"><span class='ocrx_word' id='word_1_200' title='bbox 289 4096 401 4170; x_wconf 86' lang='lat' dir='ltr'>fuerat</span> <span class='ocrx_word' id='word_1_201' title='bbox 417 4094 546 4169; x_wconf 85' lang='lat' dir='ltr'>Caesar</span> <span class='ocrx_word' id='word_1_202' title='bbox 570 4123 644 4196; x_wconf 93' lang='lat' dir='ltr'>quo</span> <span class='ocrx_word' id='word_1_203' title='bbox 666 4118 747 4195; x_wconf 84' lang='lat' dir='ltr'>post</span> <span class='ocrx_word' id='word_1_204' title='bbox 771 4121 899 4198; x_wconf 84' lang='lat' dir='ltr'>pacem</span> <span class='ocrx_word' id='word_1_205' title='bbox 920 4096 1012 4196; x_wconf 76' lang='lat' dir='ltr'>circa</span> <span class='ocrx_word' id='word_1_206' title='bbox 1029 4097 1209 4176; x_wconf 81' lang='lat' dir='ltr'>Misenum</span> <span class='ocrx_word' id='word_1_207' title='bbox 1236 4099 1366 4171; x_wconf 83' lang='lat' dir='ltr'>factam</span> 
     </span>
     <span class='ocr_line' id='line_1_30' title="bbox 216 4203 1230 4316; baseline 0 -26"><span class='ocrx_word' id='word_1_208' title='bbox 216 4267 221 4290; x_wconf 83' lang='lat'>.</span> <span class='ocrx_word' id='word_1_209' title='bbox 290 4215 537 4316; x_wconf 89' lang='lat' dir='ltr'>pertenderiut</span> <span class='ocrx_word' id='word_1_210' title='bbox 555 4214 599 4290; x_wconf 75' lang='lat' dir='ltr'>-lu&#39;</span> <span class='ocrx_word' id='word_1_211' title='bbox 613 4217 643 4312; x_wconf 85' lang='lat' dir='ltr'>l.</span> <span class='ocrx_word' id='word_1_212' title='bbox 669 4216 817 4314; x_wconf 83' lang='lat' dir='ltr'>exponit</span> <span class='ocrx_word' id='word_1_213' title='bbox 843 4203 1034 4314; x_wconf 57' lang='lat' dir='ltr'>Velleius.¹</span> <span class='ocrx_word' id='word_1_214' title='bbox 1080 4303 1102 4311; x_wconf 91' lang='lat'>..</span> <span class='ocrx_word' id='word_1_215' title='bbox 1140 4301 1145 4312; x_wconf 23' lang='grc' dir='ltr'><strong>ι</strong></span> <span class='ocrx_word' id='word_1_216' title='bbox 1225 4299 1230 4310; x_wconf 48' lang='grc'><em>,</em></span> 
     </span>
    </p>
   </div>
   <div class='ocr_carea' id='block_1_5' title="bbox 0 0 1528 5152">
    <p class='ocr_par' dir='ltr' id='par_1_5' title="bbox 0 0 1528 5152">
     <span class='ocr_line' id='line_1_31' title="bbox 0 0 1528 5152; baseline 0 3"><span class='ocrx_word' id='word_1_217' title='bbox 0 0 1528 5152; x_wconf 95' lang='lat' dir='ltr'> </span> 
     </span>
    </p>
   </div>
  </div>
 </body>
</html>
