3044 5150
462 825 465 832 1
540 777 795 868 anua
837 777 895 869 V.

596 917 664 972 vat.
673 919 711 988 11,
730 915 763 970 1⁵
781 917 805 970 1.

166 1042 169 1052 ¹
265 1051 331 1126 „Ia
352 1051 468 1135 lafita
490 1052 626 1118 Gracchi
650 1060 731 1119 t’ater
744 1060 999 1139 pernitiosissima
1023 1041 1254 1134 muneraverittt,

184 1156 267 1236 qual
280 1168 374 1218 extra
396 1155 523 1220 Italiam
548 1161 684 1222 colanias
699 1164 812 1241 potuit.
861 1159 903 1222 Id
919 1163 1050 1223 maiores
1074 1164 1155 1239 (cum
1172 1165 1255 1224 vide·

183 1271 254 1320 reat
272 1271 359 1322 tanto
378 1266 585 1342 patentioran
612 1264 693 1346 Tyro
718 1261 952 1348 Cartlaqt'aeta,
976 1263 1150 1327 Massiliae
1172 1265 1255 1328 Plo·

184 1383 277 1436 caea,
308 1363 481 1445 Syracusas
509 1363 673 1442 Canatha,
705 1367 848 1451 Cyzicum
872 1390 911 1431 aa
936 1367 1119 1450 Byzantium
1140 1369 1255 1432 Mileto

180 1467 314 1548 genitali
331 1467 412 1547 sala)
434 1469 600 1550 diliqeater
618 1474 812 1545 vitaverant,
838 1483 871 1532 et
892 1469 926 1532 0.
950 1470 989 1532 R.
1017 1473 1062 1533 ad
1076 1475 1256 1536 cetumdtva

182 1591 227 1630 aa·
242 1573 411 1652 provincia
429 1573 460 1632 t‘a
477 1569 603 1632 Italiam
621 1577 830 1636 revocart'nt.“
869 1582 920 1636 tta.
940 1599 979 1650 pr.
998 1599 1063 1652 pag.
1081 1583 1131 1641 ts.

678 1719 771 1728 --..-..

677 1729 771 1738 nau-n·-

185 1800 312 1910 Haud
338 1837 411 1908 scio
437 1863 482 1908 an
509 1839 833 1912 conscribendum
861 1843 921 1913 sit:

295 1960 369 2048 „Id
406 1961 570 2029 maiorer
604 2001 652 2014 -
695 1963 895 2056 diligenter
935 1965 1172 2056 vitaverant,
1214 1979 1256 2036 ut
1321 1943 1323 1948 Ι

292 2097 462 2158 eontra
490 2084 686 2153 Romanos
709 2087 765 2153 ad
786 2086 1011 2154 censendam
1030 2110 1076 2153 ea
1096 2087 1256 2178 provia-

295 2205 362 2275 ciis
383 2206 424 2274 itt
445 2205 601 2274 Heliam
624 2206 925 2276 revocaverint.“
1059 2187 1063 2195 ⁵

185 2319 401 2412 Ruhnkenio
431 2322 563 2422 placuit
601 2321 751 2394 Acidalii
780 2321 999 2394 coniectura:
1052 2333 1129 2406 „et
1158 2322 1258 2391 cives

185 2429 708 2534 Romanos-revocaverant;“
731 2441 819 2513 mihi
846 2468 917 2513 non
936 2441 1032 2513 item.
1060 2439 1144 2544 'Hic
1161 2439 1257 2510 enim

186 2562 259 2635 loci
280 2588 403 2635 sensus
429 2582 495 2634 est:
530 2561 714 2633 Romanos
746 2569 881 2633 veteres
908 2560 1051 2661 publice
1080 2585 1120 2631 ex
1146 2560 1257 2659 patria

187 2669 261 2753 iton
280 2685 397 2754 solum
416 2709 487 2754 nou
506 2680 667 2754 dimissos
682 2705 769 2772 esse,
797 2679 859 2752 se'd
873 2691 916 2752 'et
931 2680 993 2778 qui
1008 2680 1045 2752 in
1066 2679 1258 2777 provinciis

189 2798 349 2896 degerint
377 2800 514 2872 censeri
537 2800 763 2899 Romamque
784 2798 837 2871 'ad
865 2797 904 2870 id
936 2801 1095 2870 revocari
1115 2801 1257 2894 solitos3

187 2919 234 2991 ita
263 2939 303 2988 ut
341 2919 434 2992 cives
463 2919 620 2991 Romani
657 2944 843 3015 nunquam
876 2943 949 2990 nou
971 2927 1102 3004 *nexuss
1150 2945 1259 3019 quem

187 3038 258 3113 lca
288 3038 430 3130 dicunt,
467 3037 612 3113 civitatis
643 3038 826 3109 Romanae
856 3038 1003 3131 obligati
1031 3038 1136 3108 fuisse
1161 3037 1259 3111 vide·

187 3181 302 3243 antur.
363 3158 590 3259 Quapropter
626 3156 761 3228 colonis
795 3177 889 3228 extra
920 3156 1057 3229 Italiam
1094 3156 1258 3240 deductis

186 3279 377 3355 commode
411 3299 640 3380 opponuntur
668 3278 824 3350 Romani
851 3279 888 3351 in
914 3278 1050 3352 Italiam
1084 3279 1259 3372 revocati3

185 3427 302 3502 neque
325 3401 410 3494 erit,
437 3399 536 3500 quod
554 3425 678 3498 neges,
701 3397 909 3498 particulam
934 3410 1065 3470 cantra
1089 3396 1260 3471 huicloci

185 3521 303 3595 sensui
326 3524 415 3593 bene
442 3520 641 3595 convenire.

285 3639 392 3713 Adde
435 3639 528 3732 huc,
571 3639 600 3711 si
644 3639 780 3738 placet,
829 3639 994 3711 vocabuli
1036 3640 1129 3709 civis
1179 3639 1260 3708 nul-

185 3760 263 3831 lum
303 3781 436 3833 exstare
480 3757 757 3857 compendium,
821 3757 923 3856 quale
973 3777 1025 3828 est
1071 3755 1166 3829 illud
1216 3755 1256 3830 C.

186 3879 250 3972 R.;
299 3881 507 3976 particulam
554 3903 661 3969 vero,
708 3903 816 3976 quam
864 3874 1072 3966 suademus,
1126 3891 1260 3948 contra

187 4023 300 4104 quum
340 3998 415 4068 aliis
452 3997 572 4072 multis
614 3999 708 4071 notis
759 4016 835 4069 tum
877 3997 953 4069 sola
998 3996 1060 4068 illa
1106 3997 1204 4069 litera
1237 4025 1259 4070 c

185 4115 356 4216 scriptam
396 4123 546 4213 essess).
631 4117 796 4217 Denique
841 4137 960 4189 nostra
1009 4116 1038 4188 si
1086 4143 1168 4190 vera
1208 4137 1260 4188 est
1368 4112 1373 4116 ’

229 4259 268 4343 ⁰)
287 4267 347 4320 vtt.
368 4266 439 4336 quot
457 4265 485 4318 in
504 4267 610 4322 tabells
627 4274 720 4324 nasus
738 4267 912 4348 espotutmu·
927 4268 1048 4339 signum,
1066 4269 1138 4342 quad
1157 4267 1259 4320 mirum

270 4377 334 4444 ‚eu
356 4390 440 4442 quem
457 4391 541 4446 propo
562 4378 674 4432 accedat
694 4376 792 4432 literae
812 4375 989 4456 maiuscula?
1002 4376 1034 4432 G.
