3048 5152
290 563 361 636 100

306 833 308 838 ,
342 805 344 812 ·
396 753 493 845 „Ita
518 747 701 845 placebat
735 749 911 822 barbaria
948 771 1124 826 numam
1154 777 1272 842 euna„
1304 756 1363 826 ito

384 873 536 963 fiducia
555 871 693 942 virium
715 873 788 940 tuti
808 883 930 964 erant,
959 885 1012 963 ut,
1038 872 1244 969 ubicunque
1267 874 1360 956 Cae·

394 1017 461 1064 sar
488 1001 585 1061 esset
609 989 708 1060 nihil
732 991 773 1061 in
797 1017 837 1060 se
861 997 1119 1088 reponerent.“

285 1109 413 1214 Neque
435 1134 653 1218 magnopere
674 1108 905 1202 invehemini,
937 1137 1080 1212 quaeso,
1104 1113 1144 1184 in
1164 1111 1363 1205 librarium,

283 1231 321 1304 h.
341 1233 364 1304 l.
388 1228 657 1330 propemodum
685 1230 874 1302 excusabili
902 1255 1027 1304 errore
1052 1232 1205 1330 lapsum.
1258 1230 1359 1318 Quid

285 1351 379 1424 enim
414 1349 459 1422 ad
494 1347 794 1422 confundendum
831 1348 968 1420 facilius
1003 1349 1117 1423 verbis
1149 1350 1266 1424 hisce:
1312 1351 1360 1424 ita

283 1469 413 1542 fiducia
467 1467 959 1570 viritutieaiitutubicunque?
996 1513 1048 1527 -
1110 1467 1230 1542 Verba
1287 1474 1360 1542 tuti

284 1604 396 1663 erant
431 1588 558 1662 omissa
594 1587 694 1661 facile
727 1586 1013 1662 condonabimus
1044 1588 1248 1662 dormitanti
1283 1591 1358 1664 mo·

282 1709 409 1787 nacho.
469 1707 522 1782 Ita
551 1709 712 1806 expletur
741 1708 939 1800 sententia,
977 1709 1035 1781 cui
1064 1735 1280 1782 sarcasmum
1303 1710 1356 1782 in-

282 1856 375 1922 esse,
396 1827 566 1930 quicquid
589 1826 684 1900 dicat
703 1827 960 1914 Ruhnkenius‚
987 1828 1177 1902 rectissime
1201 1829 1355 1915 coniecit

280 1951 517 2024 Burmannus.
568 1947 661 2020 Mihi
684 1947 780 2020 enim
809 1947 897 2030 nihil
922 1949 1102 2026 acerbius.
1129 1949 1216 2022 nihil
1244 1948 1356 2048 magis

279 2069 416 2142 ironice
437 2065 507 2140 dici
527 2067 684 2166 potuisse
701 2064 855 2158 videtur,
880 2093 988 2165 quam
1014 2067 1182 2142 barbaros
1202 2070 1267 2163 ita,
1287 2071 1352 2144 ie.

278 2205 465 2289 tantopere
489 2212 641 2259 numero
666 2212 732 2259 suo
755 2187 909 2258 confisos
931 2212 1023 2279 esse,
1046 2209 1087 2260 ut
1105 2229 1218 2247 --
1242 2217 1352 2291 quum

279 2311 440 2410 primum
461 2306 618 2380 Caesaris
635 2306 673 2378 in
703 2323 937 2405 conspectum
960 2307 1143 2403 venerint,
1170 2309 1270 2408 signa
1293 2307 1353 2383 dc·

280 2429 503 2530 reliquerint.

378 2546 498 2633 Quam
535 2545 747 2618 sententiam
791 2546 960 2648 equidem
990 2546 1091 2620 hunc
1131 2547 1168 2619 in
1201 2547 1352 2621 modum

278 2668 471 2743 vernacule
497 2665 733 2740 reddiderim:

384 2789 472 2874 „So
511 2789 600 2859 aelrr
640 2789 759 2882 gefiel
791 2790 905 2860 ilmen
949 2791 1033 2861 ihre
1071 2790 1220 2872 Maesa,
1267 2789 1354 2858 ihre

383 2909 606 2992 Mehrzalrl,
633 2933 675 2980 so
694 2910 818 2980 richer
840 2935 972 2980 waren
988 2911 1043 2982 aie
1065 2911 1118 2980 im
1138 2910 1182 2979 V
1174 2920 1353 2978 ertrauert

383 3030 465 3120 auf
490 3021 573 3099 ihre
607 3027 775 3122 Krci'ste,
813 3023 899 3126 daſs
933 3032 988 3100 sie
1022 3071 1066 3084 —
1096 3029 1260 3111 uberat,
1290 3053 1351 3097 wo

389 3145 533 3215 Caesar
566 3147 752 3233 erachiam
786 3142 862 3242 auf
876 3147 958 3216 sich
990 3147 1103 3218 selbot
1124 3173 1205 3241 gar·
1227 3148 1351 3218 nichtc

383 3266 492 3334 mehr
511 3264 674 3358 goben.“

274 3391 399 3469 Nolim
418 3393 587 3495 equidem
616 3382 800 3470 ἀντίθεσιν
828 3397 987 3498 quamvis
1002 3395 1224 3470 Velleianam
1249 3417 1350 3472 tanto

274 3537 406 3616 quanto
422 3515 581 3590 Orellius
599 3538 729 3610 censet,
754 3519 871 3617 pretio
888 3543 1016 3611 emere,
1038 3519 1170 3618 quippe
1188 3519 1251 3619 qui
1269 3535 1350 3620 post

272 3662 305 3711 v.
330 3649 428 3710 esset
452 3637 598 3711 inserat:
635 3640 675 3709 in
698 3663 742 3709 eo
768 3641 917 3731 omnia,
939 3639 1004 3710 ubi
1028 3652 1132 3714 esset.
