3048 5152
1198 631 1246 702 93

170 819 294 918 Itaque
315 817 460 891 fortasse
481 815 700 913 assequimur
721 813 847 889 velleii
870 841 1019 890 manum
1042 817 1215 917 legendo:

147 931 151 936 ’
278 939 455 1034 „quippe
491 938 588 1008 vixit
627 940 781 1033 augura·
819 940 920 1011 clavi
952 964 1127 1038 purpura
1165 965 1249 1012 con-

279 1066 441 1128 tentus.“

153 1162 342 1249 'Similiter
366 1173 535 1249 Ovidius:
560 1174 731 1250 Induitur
757 1175 931 1250 humeros
955 1204 1038 1249 eum
1064 1180 1135 1253 lato
1162 1207 1248 1280 pur-

84 1363 89 1372 .
169 1323 263 1396 pura
290 1297 401 1369 clavo.

270 1416 371 1504 Quae
402 1417 733 1518 quomodocunque
758 1443 832 1490 sese
854 1415 1012 1510 habent,
1038 1415 1128 1489 illud
1153 1419 1249 1492 inter

168 1564 314 1631 omnes,
348 1538 496 1636 opinor,
531 1557 670 1608 constat
699 1535 908 1609 adverbium
930 1562 1033 1632 pene
1060 1535 1120 1608 hic
1143 1538 1249 1636 plane

169 1659 347 1732 absonum
373 1682 447 1728 esse
471 1677 506 1727 et
530 1653 734 1726 absurdum.

485 2061 738 2153 onum
771 2059 933 2151 HV.

596 2223 665 2277 Veli·
681 2223 719 2287 H,
738 2219 782 2274 89.
795 2219 823 2280 5.

235 2373 453 2452 „Consulatus
471 2375 681 2438 tantummodo
699 2396 794 2458 usque
811 2375 856 2436 ud
874 2375 1063 2438 medemena
1083 2397 1172 2459 quern
1184 2399 1252 2442 eoa·

169 2483 306 2546 murres
327 2477 445 2542 Caesar
465 2482 633 2562 inpetrare
647 2480 785 2561 potuit.“
826 2485 877 2538 Ed.
897 2501 938 2554 pr.
959 2483 1045 2555 p.49.

646 2625 767 2634 ——...

646 2635 767 2646 —..—-

170 2725 440 2834 Scribendum:
464 2759 678 2834 Consulatus
702 2762 953 2835 tantummodo
978 2790 1091 2862 usque
1117 2763 1163 2837 ad
1183 2795 1252 2840 un·

172 2878 356 2952 decimum
380 2905 488 2979 quem
510 2881 733 2954 continuaret
758 2880 886 2954 Caesar
909 2881 1091 2980 impetrari
1124 2887 1250 2984 potuit.

172 2999 275 3088 Quae
319 2998 365 3072 ad
402 3002 552 3073 verbum
592 3002 644 3074 sic
689 3001 820 3101 opinor
866 3001 1084 3100 explicarent
1122 3005 1251 3078 Gram-

170 3122 289 3197 matici
320 3123 423 3218 (cave
460 3131 653 3220 putes'me
684 3122 774 3195 haec
805 3149 873 3222 pro
904 3123 1039 3197 Latinis
1069 3123 1251 3223 vendere)

171 3242 386 3317 Consulatus
425 3243 623 3340 (singulari
662 3248 838 3338 numero)
877 3244 1020 3316 nonnisi
1062 3272 1177 3346 usque
1208 3245 1253 3318 ad

157 3362 296 3438 ’ΧΙῑ1111111
311 3383 352 3435 ut
376 3389 458 3435 eum
480 3363 706 3436 continuaret
730 3364 767 3452 (i.
785 3389 815 3436 e.
843 3367 1020 3460 deinceps
1042 3385 1082 3437 ut
1097 3379 1252 3464 gereret)

169 3482 356 3584 impetrari
373 3483 505 3583 potuit3
534 3481 702 3556 undecies
725 3505 865 3556 tantum
887 3506 930 3556 ut
945 3486 1021 3557 sine
1046 3486 1120 3557 ulla
1142 3487 1252 3556 inter·

156 3604 335 3677 ‘missione
353 3601 520 3703 deinceps
540 3605 650 3676 fasces
672 3604 859 3706 acciperet,
883 3605 1103 3678 commoveri
1121 3604 1249 3704 potuit.

175 3723 237 3796 Est
259 3722 349 3796 haec
373 3727 488 3822 figura
518 3725 662 3797 Graecis
698 3727 887 3826 praecipue
912 3725 1047 3796 usitata.
1103 3724 1157 3796 Ita
1180 3725 1255 3832 ⁰⁶7

171 3841 302 3915 morth.
333 3827 427 3914 οὗτοι
447 3829 777 3944 ἐπιδειχθήσονται
796 3833 861 3916 οἷοί
878 3835 965 3914 εἰσιν
980 3828 1184 3945 ἅνθρωποι.
1195 3879 1245 3939 ε-

173 3947 293 4048 Quani
336 3962 374 4035 in
421 3990 497 4037 reru
526 3967 729 4039 Matthiaeus
771 3995 824 4064 gr.
854 3965 915 4040 Gr.
950 3965 1108 4038 conferri
1154 3967 1254 4039 iubet

173 4082 387 4156 Ciceronem
424 4111 468 4158 ao
500 4086 528 4184 i.
556 4089 613 4162 68.
642 4089 703 4158 fin.
743 4091 778 4180 4,
819 4088 853 4160 6.
882 4093 1000 4160 rt-
1049 4083 1095 4158 Et
1131 4089 1252 4159 confe-

172 4224 297 4276 rantur
338 4205 448 4304 ipsius
474 4201 604 4282 Velleii
633 4208 712 4280 illa:
767 4207 859 4308 „qui
896 4207 1057 4305 protinus
1099 4229 1250 4307 quantus

171 4346 223 4398 est
248 4326 383 4426 sperari
406 4337 583 4426 potuerat.
641 4329 683 4401 L.
700 4327 746 4402 ΙΙ.
778 4357 808 4402 c.
824 4355 883 4426 qe.
913 4329 942 4426 ᾗ.
965 4354 994 4402 a.
