3044 5150
1208 631 1257 706 ³7
1330 694 1338 711 .

187 827 328 908 ¹accepta
358 810 503 883 formari
541 811 697 910 potuerit
736 817 936 888 consulum.
1006 814 1107 903 Quin
1149 819 1256 892 etiam

187 955 221 1002 v.
243 933 388 1003 consilii
411 957 437 1004 s.
463 935 612 1006 consilis
635 959 704 1032 pro
725 961 758 1008 v.
783 937 947 1012 considis
965 936 1154 1035 reperitur.

286 1072 513 1186 Quamquam
540 1112 580 1158 ea
603 1113 667 1193 ¹res
699 1069 739 1160 et,
761 1114 825 1188 per
855 1115 892 1162 se
922 1089 980 1164 vix
1005 1090 1116 1162 ullam
1138 1091 1253 1191 giguit

187 1201 441 1279 difficultatem.
503 1206 555 1278 At
587 1204 631 1278 de
656 1208 836 1282 locutione
867 1215 1005 1282 virtute
1035 1224 1073 1282 et
1099 1215 1252 1284 consilio

185 1324 253 1400 nisi
266 1326 421 1399 frontem
438 1326 645 1400 contrahant
662 1354 823 1402 censores
839 1327 927 1403 haec
947 1333 1056 1402 affero
1074 1333 1253 1436 exempla:

183 1445 272 1520 Hor.
290 1447 354 1546 Ep.
372 1447 401 1536 Ι,
422 1473 474 1520 12.
494 1451 546 1519 15.
576 1445 672 1520 Caes.
689 1447 724 1522 b.
744 1477 776 1546 g.
802 1452 836 1541 5,
855 1453 887 1520 5.
920 1447 996 1524 Liv.
1014 1454 1049 1543 4,
1067 1453 1119 1526 15.
1135 1453 1199 1527 fin.
1256 1429 1263 1561 Ι,
1295 1435 1297 1444 i

267 1599 348 1672 Jam
369 1625 461 1700 pene
475 1625 772 1696 supervacaneum
790 1597 904 1672 videri
919 1602 1031 1699 possit
1047 1624 1166 1676 notare
1182 1631 1253 1703 qua

183 1721 318 1794 ratione
352 1721 506 1818 syllabae
534 1718 614 1791 illae
643 1732 679 1789 te
707 1739 742 1790 et
763 1732 821 1788 ter
848 1719 886 1791 in
912 1722 1117 1796 exeuntibus
1147 1749 1252 1798 voca·

181 1840 277 1911 bulis
305 1842 445 1910 virtute
472 1857 507 1910 et
528 1841 682 1933 pariter
707 1860 948 1936 comparentes
976 1864 1163 1942 corruptae
1183 1843 1254 1918 sint

182 1962 221 2033 in
244 1960 362 2036 literas
386 1990 414 2032 s.
471 1958 545 2031 Sed
576 1958 670 2031 enim
695 1957 836 2031 sinuosa
862 1958 984 2031 literae
1005 1959 1112 2034 huius
1136 1963 1253 2048 forma

182 2110 224 2156 ea
257 2102 323 2170 est,
359 2105 449 2180 qnae
482 2075 578 2150 haud
610 2076 753 2150 difficile
789 2077 963 2151 eiusmodi
988 2079 1262 2188 confusionibus,

182 2205 303 2277 locum
324 2201 506 2299 praebeat;
531 2197 739 2298 praesertim
764 2226 878 2297 quum
894 2226 925 2271 v.
943 2200 1076 2299 pariter
1102 2201 1153 2272 sic
1176 2202 1258 2308 fere·
1293 2253 1297 2259 -

177 2325 353 2398 scribatur
376 2321 415 2394 in
447 2317 568 2392 codd:
594 2317 633 2416 d,
666 2338 705 2388 ut
728 2318 869 2416 signum
895 2318 1075 2418 quoddam
1104 2346 1147 2393 eo
1176 2349 1251 2421 quo

179 2471 246 2517 nos
284 2444 418 2515 utimur
452 2437 665 2542 paragraphi
699 2437 800 2534 signo
846 2439 1023 2536 persimile
1064 2441 1186 2514 literae
1224 2471 1249 2546 p

178 2563 508 2663 superimponatur3
542 2557 635 2631 unde
663 2555 926 2659 propemodum
956 2556 1052 2632 idem
1085 2580 1137 2633 est
1165 2588 1249 2634 cum

179 2704 263 2757 nota
289 2682 388 2754 verbi
411 2706 528 2774 pars:
549 2704 612 2774 ps.
627 2681 759 2749 Victus
784 2697 901 2749 autem
927 2704 995 2777 pro
1022 2682 1161 2751 virtute
1185 2706 1248 2782 po·

178 2804 285 2878 situm
311 2821 380 2893 est,
408 2800 460 2872 uti
485 2800 623 2871 inversa
647 2798 781 2870 ratione
807 2797 950 2870 videbit
970 2825 992 2868 e
1006 2822 1076 2896 pro
1102 2800 1251 2872 videbis

179 2921 253 3020 legi
272 2916 496 2991 ostendemus
524 2918 624 2989 infra.

277 3073 399 3160 Quare
432 3097 545 3170 quum
578 3067 667 3140 mihi
689 3066 809 3139 omnia
833 3085 905 3138 tam
930 3088 1092 3141 accurate
1114 3093 1245 3142 conve-

178 3175 253 3270 nire
294 3190 480 3267 videantur
520 3215 602 3260 cum
639 3187 833 3260 rationibus
878 3185 1134 3288 diplomatieis,
1173 3217 1249 3263 non

175 3342 323 3419 possum
376 3312 462 3413 quin
511 3307 671 3382 abdicem
726 3307 853 3380 Orellii
903 3307 956 3379 Cl.
1005 3309 1249 3382 coniecturam

177 3443 368 3533 ‚strandum
389 3459 470 3530 par
499 3433 725 3504 consulum.“
775 3427 903 3529 Neque
938 3429 1033 3502 euim
1060 3429 1139 3502 satis
1166 3454 1249 3528 per·

177 3559 311 3656 spici0,
346 3553 528 3652 quomodo
561 3555 726 3622 iunctum
758 3577 836 3644 par
863 3553 1053 3621 consulum
1078 3547 1175 3619 idem
1202 3547 1249 3620 sit

177 3674 276 3775 qnod
309 3677 364 3747 bis
395 3700 471 3746 una
505 3675 680 3745 consules.
748 3671 831 3743 Mea
852 3690 981 3744 autem
1024 3694 1067 3739 ex
1095 3666 1248 3740 lectione

178 3795 333 3868 Caesaris
355 3797 468 3870 virtus
489 3813 524 3864 et
546 3791 734 3864 consilium
756 3789 902 3889 optime,
931 3788 969 3859 ni
990 3785 1104 3877 fallor,
1134 3811 1247 3887 oppo-

180 3936 320 3991 nuntur
346 3913 506 3987 subdolis
522 3910 681 4008 Pompeii
702 3908 885 4007 Crassique
913 3904 1246 3982 machinationibus.
