<?xml version="1.0" encoding="UTF-8"?>
<!DOCTYPE html PUBLIC "-//W3C//DTD XHTML 1.0 Transitional//EN"
    "http://www.w3.org/TR/xhtml1/DTD/xhtml1-transitional.dtd">
<html xmlns="http://www.w3.org/1999/xhtml" xml:lang="en" lang="en">
 <head>
  <title>
</title>
<meta http-equiv="Content-Type" content="text/html;charset=utf-8" />
  <meta name='ocr-system' content='tesseract 3.04.00' />
  <meta name='ocr-capabilities' content='ocr_page ocr_carea ocr_par ocr_line ocrx_word'/>
</head>
<body>
  <div class='ocr_page' id='page_1' title='image "./locivelleiani00laurgoog_0051.png"; bbox 0 0 3044 5150; ppageno 0'>
   <div class='ocr_carea' id='block_1_1' title="bbox 251 610 299 682">
    <p class='ocr_par' dir='ltr' id='par_1_1' title="bbox 251 610 299 682">
     <span class='ocr_line' id='line_1_1' title="bbox 251 610 299 682; baseline -0.042 0"><span class='ocrx_word' id='word_1_1' title='bbox 251 610 299 682; x_wconf 78' lang='lat'><strong>22</strong></span> 
     </span>
    </p>
   </div>
   <div class='ocr_carea' id='block_1_2' title="bbox 246 787 1375 2458">
    <p class='ocr_par' dir='ltr' id='par_1_2' title="bbox 246 787 1375 2458">
     <span class='ocr_line' id='line_1_2' title="bbox 334 787 1327 886; baseline -0.014 -15"><span class='ocrx_word' id='word_1_2' title='bbox 334 795 431 871; x_wconf 51' lang='lat' dir='ltr'><strong>*Iun</strong></span> <span class='ocrx_word' id='word_1_3' title='bbox 462 794 619 868; x_wconf 82' lang='lat' dir='ltr'><strong>dicamus</strong></span> <span class='ocrx_word' id='word_1_4' title='bbox 646 791 692 866; x_wconf 90' lang='lat' dir='ltr'><strong>de</strong></span> <span class='ocrx_word' id='word_1_5' title='bbox 715 792 783 866; x_wconf 84' lang='lat' dir='ltr'><strong>istc</strong></span> <span class='ocrx_word' id='word_1_6' title='bbox 808 787 1005 886; x_wconf 80' lang='lat' dir='ltr'><strong>scripturae</strong></span> <span class='ocrx_word' id='word_1_7' title='bbox 1030 803 1222 863; x_wconf 77' lang='lat' dir='ltr'><strong>menstroz·</strong></span> <span class='ocrx_word' id='word_1_8' title='bbox 1248 813 1327 858; x_wconf 83' lang='lat' dir='ltr'><strong>mu·</strong></span> 
     </span>
     <span class='ocr_line' id='line_1_3' title="bbox 252 907 1329 1011; baseline -0.014 -19"><span class='ocrx_word' id='word_1_9' title='bbox 252 922 450 992; x_wconf 71' lang='lat' dir='ltr'><strong>cierunteo.</strong></span> <span class='ocrx_word' id='word_1_10' title='bbox 510 915 668 990; x_wconf 88' lang='lat' dir='ltr'><strong>Primum</strong></span> <span class='ocrx_word' id='word_1_11' title='bbox 694 914 765 988; x_wconf 92' lang='lat' dir='ltr'><strong>hoc</strong></span> <span class='ocrx_word' id='word_1_12' title='bbox 786 933 926 1011; x_wconf 85' lang='lat' dir='ltr'><strong>quoque</strong></span> <span class='ocrx_word' id='word_1_13' title='bbox 949 934 991 983; x_wconf 83' lang='lat' dir='ltr'><strong>ert</strong></span> <span class='ocrx_word' id='word_1_14' title='bbox 1020 910 1103 982; x_wconf 85' lang='lat' dir='ltr'><strong>loco</strong></span> <span class='ocrx_word' id='word_1_15' title='bbox 1126 927 1222 1006; x_wconf 82' lang='lat' dir='ltr'><strong>patet</strong></span> <span class='ocrx_word' id='word_1_16' title='bbox 1244 907 1329 978; x_wconf 91' lang='lat' dir='ltr'><strong>scri-</strong></span> 
     </span>
     <span class='ocr_line' id='line_1_4' title="bbox 249 1027 1329 1138; baseline -0.011 -26"><span class='ocrx_word' id='word_1_17' title='bbox 249 1055 391 1138; x_wconf 88' lang='lat' dir='ltr'><strong>ptorem</strong></span> <span class='ocrx_word' id='word_1_18' title='bbox 414 1035 534 1110; x_wconf 89' lang='lat' dir='ltr'><strong>Murb.</strong></span> <span class='ocrx_word' id='word_1_19' title='bbox 556 1036 779 1134; x_wconf 76' lang='lat' dir='ltr'><strong>descripsisse</strong></span> <span class='ocrx_word' id='word_1_20' title='bbox 804 1032 1002 1129; x_wconf 79' lang='lat' dir='ltr'><strong>exemplar,</strong></span> <span class='ocrx_word' id='word_1_21' title='bbox 1030 1029 1069 1101; x_wconf 90' lang='lat' dir='ltr'><strong>in</strong></span> <span class='ocrx_word' id='word_1_22' title='bbox 1096 1053 1167 1125; x_wconf 88' lang='lat' dir='ltr'><strong>quo</strong></span> <span class='ocrx_word' id='word_1_23' title='bbox 1192 1027 1329 1126; x_wconf 84' lang='lat' dir='ltr'><strong>singula</strong></span> 
     </span>
     <span class='ocr_line' id='line_1_5' title="bbox 250 1148 1329 1242; baseline -0.015 -8"><span class='ocrx_word' id='word_1_24' title='bbox 250 1159 356 1234; x_wconf 82' lang='lat' dir='ltr'><strong>verba</strong></span> <span class='ocrx_word' id='word_1_25' title='bbox 390 1160 541 1230; x_wconf 90' lang='lat' dir='ltr'><strong>omnino</strong></span> <span class='ocrx_word' id='word_1_26' title='bbox 567 1184 639 1229; x_wconf 89' lang='lat' dir='ltr'><strong>non</strong></span> <span class='ocrx_word' id='word_1_27' title='bbox 674 1155 836 1228; x_wconf 84' lang='lat' dir='ltr'><strong>distincta</strong></span> <span class='ocrx_word' id='word_1_28' title='bbox 868 1167 990 1242; x_wconf 88' lang='lat' dir='ltr'><strong>erant,</strong></span> <span class='ocrx_word' id='word_1_29' title='bbox 1025 1148 1088 1222; x_wconf 91' lang='lat' dir='ltr'><strong>sed</strong></span> <span class='ocrx_word' id='word_1_30' title='bbox 1121 1149 1258 1240; x_wconf 86' lang='lat' dir='ltr'><strong>omnia,</strong></span> <span class='ocrx_word' id='word_1_31' title='bbox 1288 1165 1329 1218; x_wconf 89' lang='lat' dir='ltr'><strong>ut</strong></span> 
     </span>
     <span class='ocr_line' id='line_1_6' title="bbox 248 1275 1328 1373; baseline -0.011 -19"><span class='ocrx_word' id='word_1_32' title='bbox 248 1280 292 1354; x_wconf 88' lang='lat' dir='ltr'><strong>fit</strong></span> <span class='ocrx_word' id='word_1_33' title='bbox 322 1278 360 1351; x_wconf 89' lang='lat' dir='ltr'><strong>in</strong></span> <span class='ocrx_word' id='word_1_34' title='bbox 387 1276 492 1348; x_wconf 86' lang='lat' dir='ltr'><strong>codd.</strong></span> <span class='ocrx_word' id='word_1_35' title='bbox 517 1303 628 1373; x_wconf 86' lang='lat' dir='ltr'><strong>usque</strong></span> <span class='ocrx_word' id='word_1_36' title='bbox 664 1276 710 1349; x_wconf 87' lang='lat' dir='ltr'><strong>ad</strong></span> <span class='ocrx_word' id='word_1_37' title='bbox 742 1275 924 1349; x_wconf 89' lang='lat' dir='ltr'><strong>saeculum</strong></span> <span class='ocrx_word' id='word_1_38' title='bbox 955 1288 1121 1346; x_wconf 85' lang='lat' dir='ltr'><strong>octavum</strong></span> <span class='ocrx_word' id='word_1_39' title='bbox 1150 1294 1328 1342; x_wconf 87' lang='lat' dir='ltr'><strong>nonumve</strong></span> 
     </span>
     <span class='ocr_line' id='line_1_7' title="bbox 248 1389 1327 1497; baseline -0.008 -28"><span class='ocrx_word' id='word_1_40' title='bbox 248 1397 506 1497; x_wconf 85' lang='lat' dir='ltr'><strong>pertinentibus</strong></span> <span class='ocrx_word' id='word_1_41' title='bbox 533 1400 613 1492; x_wconf 88' lang='lat'>1⁰),</span> <span class='ocrx_word' id='word_1_42' title='bbox 649 1423 725 1469; x_wconf 88' lang='lat' dir='ltr'><strong>uno</strong></span> <span class='ocrx_word' id='word_1_43' title='bbox 754 1396 884 1493; x_wconf 83' lang='lat' dir='ltr'><strong>scripta</strong></span> <span class='ocrx_word' id='word_1_44' title='bbox 913 1409 1047 1466; x_wconf 86' lang='lat' dir='ltr'><strong>tenore.</strong></span> <span class='ocrx_word' id='word_1_45' title='bbox 1109 1389 1230 1476; x_wconf 87' lang='lat' dir='ltr'><strong>Quare</strong></span> <span class='ocrx_word' id='word_1_46' title='bbox 1255 1389 1327 1482; x_wconf 84' lang='lat' dir='ltr'><strong>hic,</strong></span> 
     </span>
     <span class='ocr_line' id='line_1_8' title="bbox 249 1512 1327 1616; baseline -0.004 -28"><span class='ocrx_word' id='word_1_47' title='bbox 249 1516 352 1588; x_wconf 90' lang='lat' dir='ltr'><strong>sicuti</strong></span> <span class='ocrx_word' id='word_1_48' title='bbox 385 1543 414 1589; x_wconf 91' lang='lat' dir='ltr'><strong>e.</strong></span> <span class='ocrx_word' id='word_1_49' title='bbox 442 1545 476 1616; x_wconf 84' lang='lat' dir='ltr'><strong>g.</strong></span> <span class='ocrx_word' id='word_1_50' title='bbox 511 1541 587 1614; x_wconf 90' lang='lat' dir='ltr'><strong>cap.</strong></span> <span class='ocrx_word' id='word_1_51' title='bbox 611 1541 656 1610; x_wconf 75' lang='lat'><strong>72</strong></span> <span class='ocrx_word' id='word_1_52' title='bbox 690 1517 718 1614; x_wconf 55' lang='grc' dir='ltr'><strong>ᾗ.</strong></span> <span class='ocrx_word' id='word_1_53' title='bbox 748 1521 780 1589; x_wconf 87' lang='grc'><strong>5.</strong></span> <span class='ocrx_word' id='word_1_54' title='bbox 824 1517 949 1589; x_wconf 85' lang='lat' dir='ltr'><strong>falsam</strong></span> <span class='ocrx_word' id='word_1_55' title='bbox 983 1516 1172 1586; x_wconf 87' lang='lat' dir='ltr'><strong>verborum</strong></span> <span class='ocrx_word' id='word_1_56' title='bbox 1205 1512 1327 1585; x_wconf 83' lang='lat' dir='ltr'><strong>distin.-</strong></span> 
     </span>
     <span class='ocr_line' id='line_1_9' title="bbox 251 1633 1375 1732; baseline -0.009 -20"><span class='ocrx_word' id='word_1_57' title='bbox 251 1636 405 1712; x_wconf 78' lang='lat' dir='ltr'><strong>ationem</strong></span> <span class='ocrx_word' id='word_1_58' title='bbox 431 1637 516 1713; x_wconf 80' lang='lat' dir='ltr'><strong>fecit</strong></span> <span class='ocrx_word' id='word_1_59' title='bbox 539 1636 713 1709; x_wconf 84' lang='lat' dir='ltr'><strong>librarius.</strong></span> <span class='ocrx_word' id='word_1_60' title='bbox 764 1637 908 1710; x_wconf 86' lang='lat' dir='ltr'>Etenim</span> <span class='ocrx_word' id='word_1_61' title='bbox 933 1661 1044 1732; x_wconf 91' lang='lat' dir='ltr'><strong>quum</strong></span> <span class='ocrx_word' id='word_1_62' title='bbox 1066 1633 1260 1707; x_wconf 80' lang='lat' dir='ltr'><strong>rectissime</strong></span> <span class='ocrx_word' id='word_1_63' title='bbox 1284 1659 1327 1704; x_wconf 84' lang='lat' dir='ltr'><strong>ex</strong></span> <span class='ocrx_word' id='word_1_64' title='bbox 1373 1683 1375 1687; x_wconf 32' lang='lat' dir='ltr'>s</span> 
     </span>
     <span class='ocr_line' id='line_1_10' title="bbox 249 1755 1327 1854; baseline -0.006 -25"><span class='ocrx_word' id='word_1_65' title='bbox 249 1755 314 1829; x_wconf 89' lang='lat' dir='ltr'><strong>illo</strong></span> <span class='ocrx_word' id='word_1_66' title='bbox 335 1759 587 1830; x_wconf 79' lang='lat' dir='ltr'><strong>musieranteo</strong></span> <span class='ocrx_word' id='word_1_67' title='bbox 608 1759 650 1829; x_wconf 89' lang='lat' dir='ltr'><strong>ab</strong></span> <span class='ocrx_word' id='word_1_68' title='bbox 672 1756 746 1828; x_wconf 88' lang='lat' dir='ltr'><strong>aliis</strong></span> <span class='ocrx_word' id='word_1_69' title='bbox 764 1760 823 1843; x_wconf 89' lang='lat'><strong>¹1)</strong></span> <span class='ocrx_word' id='word_1_70' title='bbox 844 1757 978 1830; x_wconf 80' lang='lat' dir='ltr'><strong>factum</strong></span> <span class='ocrx_word' id='word_1_71' title='bbox 999 1756 1042 1827; x_wconf 92' lang='lat' dir='ltr'><strong>sit</strong></span> <span class='ocrx_word' id='word_1_72' title='bbox 1067 1759 1126 1826; x_wconf 82' lang='lat' dir='ltr'><strong>usi</strong></span> <span class='ocrx_word' id='word_1_73' title='bbox 1144 1767 1327 1854; x_wconf 56' lang='lat' dir='ltr'><strong>arantem</strong></span> 
     </span>
     <span class='ocr_line' id='line_1_11' title="bbox 251 1875 1327 1973; baseline -0.002 -21"><span class='ocrx_word' id='word_1_74' title='bbox 251 1876 340 1952; x_wconf 86' lang='lat' dir='ltr'><strong>mihi</strong></span> <span class='ocrx_word' id='word_1_75' title='bbox 364 1878 433 1950; x_wconf 89' lang='lat' dir='ltr'><strong>alia</strong></span> <span class='ocrx_word' id='word_1_76' title='bbox 454 1879 557 1950; x_wconf 86' lang='lat' dir='ltr'><strong>etiam</strong></span> <span class='ocrx_word' id='word_1_77' title='bbox 585 1887 627 1950; x_wconf 79' lang='lat' dir='ltr'><strong>&#39;ut</strong></span> <span class='ocrx_word' id='word_1_78' title='bbox 647 1876 814 1949; x_wconf 85' lang='lat' dir='ltr'><strong>adderem</strong></span> <span class='ocrx_word' id='word_1_79' title='bbox 837 1878 1044 1973; x_wconf 80' lang='lat' dir='ltr'><strong>literamque</strong></span> <span class='ocrx_word' id='word_1_80' title='bbox 1070 1905 1108 1948; x_wconf 88' lang='lat' dir='ltr'><strong>m</strong></span> <span class='ocrx_word' id='word_1_81' title='bbox 1130 1901 1195 1947; x_wconf 91' lang='lat' dir='ltr'><strong>suo</strong></span> <span class='ocrx_word' id='word_1_82' title='bbox 1217 1875 1327 1950; x_wconf 89' lang='lat' dir='ltr'><strong>verbo</strong></span> 
     </span>
     <span class='ocr_line' id='line_1_12' title="bbox 250 1995 1328 2096; baseline -0.002 -28"><span class='ocrx_word' id='word_1_83' title='bbox 250 1997 469 2074; x_wconf 79' lang='lat' dir='ltr'><strong>restituerem</strong></span> <span class='ocrx_word' id='word_1_84' title='bbox 501 1998 659 2096; x_wconf 82' lang='lat' dir='ltr'><strong>contigit.</strong></span> <span class='ocrx_word' id='word_1_85' title='bbox 734 1998 877 2070; x_wconf 84' lang='lat' dir='ltr'><strong>Etenim</strong></span> <span class='ocrx_word' id='word_1_86' title='bbox 905 1998 1005 2069; x_wconf 89' lang='lat' dir='ltr'><strong>litera</strong></span> <span class='ocrx_word' id='word_1_87' title='bbox 1028 1996 1088 2068; x_wconf 90' lang='lat' dir='ltr'><strong>illa</strong></span> <span class='ocrx_word' id='word_1_88' title='bbox 1113 2023 1151 2066; x_wconf 88' lang='lat' dir='ltr'><strong>m</strong></span> <span class='ocrx_word' id='word_1_89' title='bbox 1171 1995 1328 2092; x_wconf 75' lang='lat' dir='ltr'><strong>pertinet</strong></span> 
     </span>
     <span class='ocr_line' id='line_1_13' title="bbox 251 2114 1327 2214; baseline 0.001 -25"><span class='ocrx_word' id='word_1_90' title='bbox 251 2114 297 2189; x_wconf 84' lang='lat' dir='ltr'><strong>ad</strong></span> <span class='ocrx_word' id='word_1_91' title='bbox 325 2144 402 2190; x_wconf 85' lang='lat' dir='ltr'><strong>voc.</strong></span> <span class='ocrx_word' id='word_1_92' title='bbox 429 2123 571 2214; x_wconf 62' lang='lat' dir='ltr'><strong>spada,</strong></span> <span class='ocrx_word' id='word_1_93' title='bbox 614 2115 713 2214; x_wconf 93' lang='lat' dir='ltr'><strong>quod</strong></span> <span class='ocrx_word' id='word_1_94' title='bbox 743 2117 832 2189; x_wconf 87' lang='lat' dir='ltr'><strong>nihil</strong></span> <span class='ocrx_word' id='word_1_95' title='bbox 861 2134 912 2188; x_wconf 90' lang='lat' dir='ltr'><strong>est</strong></span> <span class='ocrx_word' id='word_1_96' title='bbox 940 2116 1023 2188; x_wconf 90' lang='lat' dir='ltr'><strong>nisi:</strong></span> <span class='ocrx_word' id='word_1_97' title='bbox 1058 2143 1205 2210; x_wconf 80' lang='lat' dir='ltr'><strong>semper·</strong></span> <span class='ocrx_word' id='word_1_98' title='bbox 1228 2119 1327 2208; x_wconf 79' lang='lat' dir='ltr'><strong>olim.</strong></span> 
     </span>
     <span class='ocr_line' id='line_1_14' title="bbox 253 2236 1327 2336; baseline -0.004 -24"><span class='ocrx_word' id='word_1_99' title='bbox 253 2238 363 2327; x_wconf 83' lang='lat' dir='ltr'><strong>Quod</strong></span> <span class='ocrx_word' id='word_1_100' title='bbox 401 2267 474 2312; x_wconf 89' lang='lat' dir='ltr'><strong>non</strong></span> <span class='ocrx_word' id='word_1_101' title='bbox 507 2239 648 2336; x_wconf 79' lang='lat' dir='ltr'><strong>negabit</strong></span> <span class='ocrx_word' id='word_1_102' title='bbox 680 2236 741 2334; x_wconf 93' lang='lat' dir='ltr'><strong>qui</strong></span> <span class='ocrx_word' id='word_1_103' title='bbox 768 2236 988 2328; x_wconf 86' lang='lat' dir='ltr'><strong>meminerit,</strong></span> <span class='ocrx_word' id='word_1_104' title='bbox 1019 2254 1141 2308; x_wconf 87' lang='lat' dir='ltr'><strong>notam</strong></span> <span class='ocrx_word' id='word_1_105' title='bbox 1173 2262 1217 2332; x_wconf 85' lang='lat' dir='ltr'><strong>sp</strong></span> <span class='ocrx_word' id='word_1_106' title='bbox 1254 2261 1327 2308; x_wconf 88' lang='lat' dir='ltr'><strong>esse</strong></span> 
     </span>
     <span class='ocr_line' id='line_1_15' title="bbox 246 2358 519 2458; baseline 0 -28"><span class='ocrx_word' id='word_1_107' title='bbox 246 2358 271 2432; x_wconf 89' lang='lat' dir='ltr'><strong>i.</strong></span> <span class='ocrx_word' id='word_1_108' title='bbox 298 2385 332 2458; x_wconf 90' lang='lat' dir='ltr'><strong>q.</strong></span> <span class='ocrx_word' id='word_1_109' title='bbox 361 2387 519 2454; x_wconf 80' lang='lat' dir='ltr'><strong>semper.</strong></span> 
     </span>
    </p>
   </div>
   <div class='ocr_carea' id='block_1_3' title="bbox 247 2557 1330 3596">
    <p class='ocr_par' dir='ltr' id='par_1_3' title="bbox 247 2557 1330 3596">
     <span class='ocr_line' id='line_1_16' title="bbox 351 2557 1328 2661; baseline -0.005 -27"><span class='ocrx_word' id='word_1_110' title='bbox 351 2560 468 2658; x_wconf 79' lang='lat' dir='ltr'><strong>Atque</strong></span> <span class='ocrx_word' id='word_1_111' title='bbox 518 2562 579 2639; x_wconf 89' lang='lat' dir='ltr'><strong>hic</strong></span> <span class='ocrx_word' id='word_1_112' title='bbox 617 2561 787 2661; x_wconf 88' lang='lat' dir='ltr'><strong>imposuit</strong></span> <span class='ocrx_word' id='word_1_113' title='bbox 831 2561 929 2634; x_wconf 91' lang='lat' dir='ltr'><strong>bono</strong></span> <span class='ocrx_word' id='word_1_114' title='bbox 972 2559 1119 2632; x_wconf 89' lang='lat' dir='ltr'><strong>librario</strong></span> <span class='ocrx_word' id='word_1_115' title='bbox 1169 2557 1328 2642; x_wconf 73' lang='lat' dir='ltr'><strong>studium</strong></span> 
     </span>
     <span class='ocr_line' id='line_1_17' title="bbox 253 2679 1329 2778; baseline 0.002 -23"><span class='ocrx_word' id='word_1_116' title='bbox 253 2680 404 2755; x_wconf 80' lang='lat' dir='ltr'><strong>eruendi</strong></span> <span class='ocrx_word' id='word_1_117' title='bbox 425 2683 534 2755; x_wconf 86' lang='lat' dir='ltr'><strong>verba</strong></span> <span class='ocrx_word' id='word_1_118' title='bbox 553 2709 596 2757; x_wconf 84' lang='lat' dir='ltr'><strong>ex</strong></span> <span class='ocrx_word' id='word_1_119' title='bbox 620 2682 701 2756; x_wconf 91' lang='lat' dir='ltr'><strong>rudi</strong></span> <span class='ocrx_word' id='word_1_120' title='bbox 718 2681 970 2778; x_wconf 87' lang='lat' dir='ltr'><strong>indigestaque,</strong></span> <span class='ocrx_word' id='word_1_121' title='bbox 999 2705 1087 2776; x_wconf 84' lang='lat' dir='ltr'><strong>quae</strong></span> <span class='ocrx_word' id='word_1_122' title='bbox 1116 2679 1230 2762; x_wconf 75' lang='lat' dir='ltr'><strong>oculis¹</strong></span> <span class='ocrx_word' id='word_1_123' title='bbox 1253 2680 1329 2762; x_wconf 74' lang='lat' dir='ltr'><strong>eius</strong></span> 
     </span>
     <span class='ocr_line' id='line_1_18' title="bbox 249 2798 1326 2895; baseline -0.006 -16"><span class='ocrx_word' id='word_1_124' title='bbox 249 2803 519 2895; x_wconf 82' lang='lat' dir='ltr'><strong>obversabatur,</strong></span> <span class='ocrx_word' id='word_1_125' title='bbox 553 2803 738 2877; x_wconf 88' lang='lat' dir='ltr'><strong>literarum</strong></span> <span class='ocrx_word' id='word_1_126' title='bbox 773 2802 879 2872; x_wconf 89' lang='lat' dir='ltr'><strong>mole.</strong></span> <span class='ocrx_word' id='word_1_127' title='bbox 939 2798 1062 2885; x_wconf 90' lang='lat' dir='ltr'><strong>Quum</strong></span> <span class='ocrx_word' id='word_1_128' title='bbox 1085 2799 1181 2872; x_wconf 89' lang='lat' dir='ltr'><strong>enirn</strong></span> <span class='ocrx_word' id='word_1_129' title='bbox 1208 2799 1326 2873; x_wconf 84' lang='lat' dir='ltr'><strong>literas</strong></span> 
     </span>
     <span class='ocr_line' id='line_1_19' title="bbox 248 2919 1327 3020; baseline -0.002 -26"><span class='ocrx_word' id='word_1_130' title='bbox 248 2925 598 3020; x_wconf 58' lang='lat' dir='ltr'><strong>molimusierantec</strong></span> <span class='ocrx_word' id='word_1_131' title='bbox 630 2925 680 2998; x_wconf 89' lang='lat' dir='ltr'><strong>sic</strong></span> <span class='ocrx_word' id='word_1_132' title='bbox 709 2921 894 3020; x_wconf 86' lang='lat' dir='ltr'><strong>dispertire</strong></span> <span class='ocrx_word' id='word_1_133' title='bbox 918 2919 1111 3002; x_wconf 86' lang='lat' dir='ltr'><strong>debuisset:</strong></span> <span class='ocrx_word' id='word_1_134' title='bbox 1154 2947 1209 3016; x_wconf 80' lang='lat' dir='ltr'><strong>sp.</strong></span> <span class='ocrx_word' id='word_1_135' title='bbox 1237 2924 1327 3004; x_wconf 82' lang='lat' dir='ltr'><strong>olim</strong></span> 
     </span>
     <span class='ocr_line' id='line_1_20' title="bbox 247 3040 1330 3139; baseline -0.004 -25"><span class='ocrx_word' id='word_1_136' title='bbox 247 3045 307 3127; x_wconf 64' lang='lat' dir='ltr'><strong>usi</strong></span> <span class='ocrx_word' id='word_1_137' title='bbox 326 3056 437 3114; x_wconf 82' lang='lat' dir='ltr'><strong>erant</strong></span> <span class='ocrx_word' id='word_1_138' title='bbox 459 3070 522 3137; x_wconf 80' lang='lat' dir='ltr'><strong>eo,</strong></span> <span class='ocrx_word' id='word_1_139' title='bbox 549 3045 665 3124; x_wconf 86' lang='lat' dir='ltr'><strong>literas</strong></span> <span class='ocrx_word' id='word_1_140' title='bbox 687 3046 785 3139; x_wconf 79' lang='lat' dir='ltr'><strong>spoli</strong></span> <span class='ocrx_word' id='word_1_141' title='bbox 808 3042 1012 3134; x_wconf 81' lang='lat' dir='ltr'><strong>coniunxit,</strong></span> <span class='ocrx_word' id='word_1_142' title='bbox 1033 3041 1171 3117; x_wconf 83' lang='lat' dir='ltr'><strong>literam</strong></span> <span class='ocrx_word' id='word_1_143' title='bbox 1185 3040 1330 3126; x_wconf 69' lang='lat' dir='ltr'><strong>finalem</strong></span> 
     </span>
     <span class='ocr_line' id='line_1_21' title="bbox 249 3160 1328 3260; baseline -0.002 -26"><span class='ocrx_word' id='word_1_144' title='bbox 249 3161 466 3236; x_wconf 77' lang='lat' dir='ltr'><strong>comissam</strong></span> <span class='ocrx_word' id='word_1_145' title='bbox 496 3181 602 3238; x_wconf 85' lang='lat' dir='ltr'><strong>ratus.</strong></span> <span class='ocrx_word' id='word_1_146' title='bbox 655 3163 708 3238; x_wconf 86' lang='lat' dir='ltr'><strong>Ita</strong></span> <span class='ocrx_word' id='word_1_147' title='bbox 741 3189 828 3236; x_wconf 88' lang='lat' dir='ltr'><strong>vero</strong></span> <span class='ocrx_word' id='word_1_148' title='bbox 856 3163 1027 3260; x_wconf 84' lang='lat' dir='ltr'><strong>quoniam</strong></span> <span class='ocrx_word' id='word_1_149' title='bbox 1056 3177 1201 3236; x_wconf 86' lang='lat' dir='ltr'><strong>restaret</strong></span> <span class='ocrx_word' id='word_1_150' title='bbox 1224 3160 1328 3246; x_wconf 79' lang='lat' dir='ltr'><strong>litera</strong></span> 
     </span>
     <span class='ocr_line' id='line_1_22' title="bbox 247 3265 1326 3382; baseline -0.003 -23"><span class='ocrx_word' id='word_1_151' title='bbox 247 3307 304 3374; x_wconf 79' lang='lat' dir='ltr'><strong>m,</strong></span> <span class='ocrx_word' id='word_1_152' title='bbox 336 3306 445 3378; x_wconf 74' lang='lat' dir='ltr'><strong>quant</strong></span> <span class='ocrx_word' id='word_1_153' title='bbox 475 3311 551 3382; x_wconf 82' lang='lat' dir='ltr'><strong>quo.</strong></span> <span class='ocrx_word' id='word_1_154' title='bbox 573 3287 720 3358; x_wconf 86' lang='lat' dir='ltr'><strong>referret</strong></span> <span class='ocrx_word' id='word_1_155' title='bbox 748 3265 987 3358; x_wconf 87' lang='lat' dir='ltr'><strong>nullomodo</strong></span> <span class='ocrx_word' id='word_1_156' title='bbox 1013 3282 1187 3372; x_wconf 87' lang='lat' dir='ltr'><strong>habebat,</strong></span> <span class='ocrx_word' id='word_1_157' title='bbox 1220 3283 1326 3366; x_wconf 73' lang='lat' dir='ltr'><strong>rebus</strong></span> 
     </span>
     <span class='ocr_line' id='line_1_23' title="bbox 249 3399 1325 3504; baseline -0.015 -16"><span class='ocrx_word' id='word_1_158' title='bbox 249 3401 461 3502; x_wconf 70' lang='lat' dir='ltr'><strong>desperatis,</strong></span> <span class='ocrx_word' id='word_1_159' title='bbox 490 3405 664 3504; x_wconf 83' lang='lat' dir='ltr'><strong>acquievit</strong></span> <span class='ocrx_word' id='word_1_160' title='bbox 685 3403 726 3478; x_wconf 88' lang='lat' dir='ltr'><strong>iu</strong></span> <span class='ocrx_word' id='word_1_161' title='bbox 748 3401 890 3484; x_wconf 84' lang='lat' dir='ltr'><strong>edendo</strong></span> <span class='ocrx_word' id='word_1_162' title='bbox 913 3401 1135 3500; x_wconf 72' lang='lat' dir='ltr'><strong>lepidissimo</strong></span> <span class='ocrx_word' id='word_1_163' title='bbox 1160 3399 1228 3484; x_wconf 84' lang='lat' dir='ltr'><strong>isto</strong></span> <span class='ocrx_word' id='word_1_164' title='bbox 1245 3428 1325 3472; x_wconf 76' lang='lat' dir='ltr'><strong>mra-</strong></span> 
     </span>
     <span class='ocr_line' id='line_1_24' title="bbox 249 3527 449 3596; baseline -0.005 0"><span class='ocrx_word' id='word_1_165' title='bbox 249 3527 449 3596; x_wconf 78' lang='lat' dir='ltr'><strong>sierenteo.</strong></span> 
     </span>
    </p>
   </div>
   <div class='ocr_carea' id='block_1_4' title="bbox 259 3774 1327 3966">
    <p class='ocr_par' dir='ltr' id='par_1_4' title="bbox 259 3774 1327 3966">
     <span class='ocr_line' id='line_1_25' title="bbox 297 3774 1327 3852; baseline -0.001 -17"><span class='ocrx_word' id='word_1_166' title='bbox 297 3774 350 3852; x_wconf 72' lang='lat'><strong>¹9)</strong></span> <span class='ocrx_word' id='word_1_167' title='bbox 377 3778 463 3844; x_wconf 65' lang='lat' dir='ltr'><strong>cuius</strong></span> <span class='ocrx_word' id='word_1_168' title='bbox 484 3777 525 3832; x_wconf 85' lang='lat' dir='ltr'><strong>rei</strong></span> <span class='ocrx_word' id='word_1_169' title='bbox 552 3784 651 3840; x_wconf 74' lang='lat' dir='ltr'><strong>suetos</strong></span> <span class='ocrx_word' id='word_1_170' title='bbox 675 3786 717 3837; x_wconf 77' lang='lat' dir='ltr'><strong>est</strong></span> <span class='ocrx_word' id='word_1_171' title='bbox 742 3781 867 3843; x_wconf 61' lang='grc' dir='ltr'><strong>Εῑκτὲιιιἶ</strong></span> <span class='ocrx_word' id='word_1_172' title='bbox 881 3781 923 3837; x_wconf 79' lang='lat' dir='ltr'><strong>ct</strong></span> <span class='ocrx_word' id='word_1_173' title='bbox 942 3781 971 3836; x_wconf 78' lang='lat' dir='ltr'><strong>in</strong></span> <span class='ocrx_word' id='word_1_174' title='bbox 999 3781 1078 3848; x_wconf 78' lang='lat' dir='ltr'><strong>libro¹</strong></span> <span class='ocrx_word' id='word_1_175' title='bbox 1091 3783 1137 3852; x_wconf 75' lang='lat' dir='ltr'><strong>qui</strong></span> <span class='ocrx_word' id='word_1_176' title='bbox 1156 3781 1327 3844; x_wconf 66' lang='lat' dir='ltr'><strong>inscribitur:</strong></span> 
     </span>
     <span class='ocr_line' id='line_1_26' title="bbox 259 3879 995 3966; baseline 0 -28"><span class='ocrx_word' id='word_1_177' title='bbox 259 3957 262 3966; x_wconf 17' lang='lat' dir='ltr'>A</span> <span class='ocrx_word' id='word_1_178' title='bbox 369 3884 425 3938; x_wconf 83' lang='lat' dir='ltr'><strong>zur</strong></span> <span class='ocrx_word' id='word_1_179' title='bbox 444 3879 768 3960; x_wconf 66' lang='lat' dir='ltr'><strong>Handschrifteukunde‚</strong></span> <span class='ocrx_word' id='word_1_180' title='bbox 793 3887 850 3943; x_wconf 80' lang='lat' dir='ltr'><strong>an.</strong></span> <span class='ocrx_word' id='word_1_181' title='bbox 865 3886 887 3956; x_wconf 77' lang='grc' dir='ltr'><strong>Ι1</strong></span> <span class='ocrx_word' id='word_1_182' title='bbox 907 3889 995 3960; x_wconf 56' lang='grc' dir='ltr'><strong>ΜΟ.</strong></span> 
     </span>
    </p>
   </div>
   <div class='ocr_carea' id='block_1_5' title="bbox 286 4017 1327 4396">
    <p class='ocr_par' dir='ltr' id='par_1_5' title="bbox 286 4017 1327 4396">
     <span class='ocr_line' id='line_1_27' title="bbox 286 4017 1325 4101; baseline 0.003 -20"><span class='ocrx_word' id='word_1_183' title='bbox 286 4025 338 4096; x_wconf 89' lang='lat'><strong>¹¹)</strong></span> <span class='ocrx_word' id='word_1_184' title='bbox 364 4029 444 4087; x_wconf 75' lang='lat' dir='ltr'><strong>niret</strong></span> <span class='ocrx_word' id='word_1_185' title='bbox 461 4029 538 4084; x_wconf 73' lang='lat' dir='ltr'><strong>hund</strong></span> <span class='ocrx_word' id='word_1_186' title='bbox 559 4030 641 4084; x_wconf 82' lang='lat' dir='ltr'><strong>dubis</strong></span> <span class='ocrx_word' id='word_1_187' title='bbox 661 4027 747 4096; x_wconf 81' lang='lat' dir='ltr'><strong>mihi,</strong></span> <span class='ocrx_word' id='word_1_188' title='bbox 769 4047 838 4086; x_wconf 72' lang='lat' dir='ltr'><strong>men</strong></span> <span class='ocrx_word' id='word_1_189' title='bbox 850 4040 963 4084; x_wconf 75' lang='lat' dir='ltr'><strong>tuntum</strong></span> <span class='ocrx_word' id='word_1_190' title='bbox 979 4030 1007 4085; x_wconf 86' lang='lat' dir='ltr'><strong>in</strong></span> <span class='ocrx_word' id='word_1_191' title='bbox 1023 4017 1145 4086; x_wconf 66' lang='lat' dir='ltr'><strong>maurim</strong></span> <span class='ocrx_word' id='word_1_192' title='bbox 1165 4029 1325 4101; x_wconf 68' lang='lat' dir='ltr'><strong>proterant,</strong></span> 
     </span>
     <span class='ocr_line' id='line_1_28' title="bbox 366 4131 1327 4206; baseline 0.003 -20"><span class='ocrx_word' id='word_1_193' title='bbox 366 4131 485 4186; x_wconf 79' lang='lat' dir='ltr'><strong>aliorum</strong></span> <span class='ocrx_word' id='word_1_194' title='bbox 502 4131 612 4188; x_wconf 76' lang='lat' dir='ltr'><strong>invente</strong></span> <span class='ocrx_word' id='word_1_195' title='bbox 634 4134 717 4202; x_wconf 70' lang='lat' dir='ltr'><strong>tacite</strong></span> <span class='ocrx_word' id='word_1_196' title='bbox 735 4135 847 4203; x_wconf 33' lang='lat' dir='ltr'><strong>inrusus</strong></span> <span class='ocrx_word' id='word_1_197' title='bbox 866 4153 942 4192; x_wconf 78' lang='lat' dir='ltr'><strong>meos</strong></span> <span class='ocrx_word' id='word_1_198' title='bbox 960 4141 1136 4204; x_wconf 75' lang='lat' dir='ltr'><strong>convertere,</strong></span> <span class='ocrx_word' id='word_1_199' title='bbox 1154 4153 1241 4206; x_wconf 59' lang='lat' dir='ltr'><strong>quum,</strong></span> <span class='ocrx_word' id='word_1_200' title='bbox 1255 4149 1327 4204; x_wconf 66' lang='lat' dir='ltr'><strong>quse</strong></span> 
     </span>
     <span class='ocr_line' id='line_1_29' title="bbox 370 4233 1325 4310; baseline 0.003 -22"><span class='ocrx_word' id='word_1_201' title='bbox 370 4233 493 4288; x_wconf 83' lang='lat' dir='ltr'><strong>emnium</strong></span> <span class='ocrx_word' id='word_1_202' title='bbox 519 4236 648 4289; x_wconf 77' lang='lat' dir='ltr'><strong>munibus</strong></span> <span class='ocrx_word' id='word_1_203' title='bbox 675 4241 801 4290; x_wconf 81' lang='lat' dir='ltr'><strong>teruntur</strong></span> <span class='ocrx_word' id='word_1_204' title='bbox 827 4239 986 4294; x_wconf 81' lang='lat' dir='ltr'><strong>Ruhnkenii</strong></span> <span class='ocrx_word' id='word_1_205' title='bbox 1004 4240 1165 4310; x_wconf 66' lang='lat' dir='ltr'><strong>mentique</strong></span> <span class='ocrx_word' id='word_1_206' title='bbox 1194 4238 1325 4292; x_wconf 79' lang='lat' dir='ltr'><strong>editiones</strong></span> 
     </span>
     <span class='ocr_line' id='line_1_30' title="bbox 369 4335 809 4396; baseline 0.007 -5"><span class='ocrx_word' id='word_1_207' title='bbox 369 4336 479 4392; x_wconf 80' lang='lat' dir='ltr'><strong>numius</strong></span> <span class='ocrx_word' id='word_1_208' title='bbox 497 4335 550 4393; x_wconf 80' lang='lat' dir='ltr'><strong>tllr</strong></span> <span class='ocrx_word' id='word_1_209' title='bbox 568 4340 690 4395; x_wconf 75' lang='lat' dir='ltr'><strong>referent</strong></span> <span class='ocrx_word' id='word_1_210' title='bbox 709 4340 809 4396; x_wconf 78' lang='lat' dir='ltr'><strong>emnia.</strong></span> 
     </span>
    </p>
   </div>
   <div class='ocr_carea' id='block_1_6' title="bbox 0 0 1526 5150">
    <p class='ocr_par' dir='ltr' id='par_1_6' title="bbox 0 0 1526 5150">
     <span class='ocr_line' id='line_1_31' title="bbox 0 0 1526 5150; baseline 0 0"><span class='ocrx_word' id='word_1_211' title='bbox 0 0 1526 5150; x_wconf 95' lang='lat' dir='ltr'><strong> </strong></span> 
     </span>
    </p>
   </div>
  </div>
 </body>
</html>
