3048 5152
560 950 815 1045 GAPU'!
841 950 1026 1044 1³11.

579 1111 741 1184 vattea
753 1114 780 1167 a.
798 1111 1006 1199 peraeta.

333 1271 411 1348 „Ut
436 1275 553 1338 anetib'a
577 1278 609 1337 ta
632 1275 756 1338 alienae
784 1276 936 1337 arietariae
959 1281 1093 1338 eontoeJ‘
1134 1282 1214 1336 Haeo
1234 1283 1329 1338 Amer-

251 1384 353 1440 bttehio
374 1391 403 1439 et
419 1384 534 1438 Buterio
556 1384 674 1439 tentibus
693 1386 752 1439 aad.
772 1385 864 1439 Murb.
883 1412 919 1428 -
947 1387 999 1442 Ed.
1023 1403 1064 1455 pr.
1082 1403 1108 1456 p.
1124 1384 1173 1444 45.

746 1525 841 1534 ,ιι-ι·-

747 1537 841 1546 ...n-«—

250 1626 448 1759 Displicet
493 1658 644 1732 mutatio
683 1661 877 1735 verborum
928 1664 1077 1742 alienae
1125 1665 1348 1756 victoriam„

250 1782 413 1880 displicet
441 1779 534 1853 illud
566 1783 606 1851 ia
629 1782 757 1851 aliena
787 1783 949 1852 viatoria
972 1808 1096 1854 comeo
1117 1809 1189 1880 quo
1213 1785 1328 1864 multo

247 1904 410 2002 profecto
429 1900 664 2000 praestantior
686 1920 738 1972 est
758 1901 952 1976 Genitirus.
1005 1900 1148 1998 Quare,
1171 1930 1216 1975 ne
1240 1900 1329 2002 quid

249 2022 437 2120 depereat,
464 2021 696 2094 coniecerim:

324 2156 405 2232 „at
427 2120 688 2215 inutilissimae
712 2144 862 2214 alienae
890 2145 1075 2215 victoriae
1100 2156 1266 2217 comesfl

249 2261 329 2337 Nisi
368 2263 448 2363 quis
489 2263 605 2336 malit:
644 2277 687 2335 at
722 2265 867 2335 inutilis
896 2267 992 2335 licet.
1072 2261 1125 2336 Ita
1164 2284 1196 2336 et
1235 2265 1328 2338 infra

248 2410 327 2482 cap.
342 2383 546 2456 LXXXIII
567 2409 634 2482 pro
663 2407 725 2475 eo,
753 2381 854 2478 quod
881 2401 933 2454 est
955 2383 990 2457 in
1016 2383 1072 2457 ed.
1097 2409 1174 2484 pr.,
1206 2388 1246 2456 ia
1272 2412 1328 2459 re-

248 2530 425 2604 ponemus
454 2506 551 2574 licet.

546 2827 793 2919 GAPU'!
826 2826 1035 2921 tvm

571 2993 639 3047 velt.
649 2993 689 3055 11,
704 2987 749 3050 82.
768 3009 794 3062 p.
805 2990 864 3046 100.
880 2992 1009 3047 etl-Orell-

328 3145 431 3223 „Qaa
453 3156 575 3208 aestate
603 3142 721 3206 Caesar
749 3154 814 3205 tam
840 3165 990 3226 prospere
1012 3143 1138 3207 Libiam
1163 3148 1196 3208 ia
1214 3145 1327 3209 Sicilia

246 3247 323 3311 berte
348 3249 476 3327 fortuna
505 3249 537 3308 ia
568 3243 704 3309 Caesare
734 3258 767 3307 et
792 3267 857 3328 rep.
884 3248 1032 3309 militavit
1063 3248 1109 3310 ad
1135 3249 1327 3312 θήσων(

245 3359 296 3412 Et.
315 3376 356 3427 pr.
376 3375 403 3427 p.
415 3354 464 3414 46.
482 3383 518 3394 -
557 3357 683 3424 Exempl.
705 3355 833 3422 Amerbm
853 3352 915 3424 „in
933 3347 1047 3412 Sicilia
1065 3349 1152 3415 ΒΝ

729 3499 844 3522 =

247 3596 300 3716 O
328 3659 472 3707 crucem
497 3631 753 3731 interpretum!
780 3657 804 3703 ο
825 3633 949 3704 Iocum
976 3634 1251 3710 conclamatum!
1277 3682 1328 3697 -

193 3795 195 3800 ·
248 3753 364 3829 Nobis
386 3775 425 3827 ut
444 3781 560 3826 unum
585 3772 681 3824 certe
701 3741 961 3825 restitueremus
977 3755 1136 3854 contigit.
1180 3756 1325 3858 Quippe

247 3893 448 3948 monstrum
475 3871 570 3945 istud
595 3871 750 3944 Litium
780 3871 870 3944 nihil
901 3894 953 3944 eat
979 3874 1046 3946 nisi
1081 3877 1225 3948 bellum.
1283 3877 1327 3951 Id

248 3994 347 4093 quod
368 3994 467 4067 hunc
482 3995 521 4066 in
547 3991 697 4065 modum
721 3991 975 4090 explicandum
1000 4017 1061 4068 eet.
1111 4000 1263 4070 Bellum
1287 3999 1324 4072 in

248 4114 453 4215 diplomatis
486 4130 537 4184 est
566 4114 674 4205 bllm,
715 4111 815 4212 quod
852 4112 898 4184 de
935 4140 1036 4188 more
1070 4101 1121 4189 sin
1151 4118 1326 4216 seriptum

624 4225 645 4268 ιι

252 4282 385 4383 reperit
403 4282 581 4355 librarius:
609 4283 688 4374 bar,
722 4281 783 4378 qui
809 4282 893 4356 falsa
917 4284 979 4357 illa
1003 4286 1187 4361 literarum
1214 4310 1344 4363 trans··

248 4404 426 4504 positione
458 4427 543 4476 usus
575 4399 715 4498 scripsit
746 4401 858 4497 llbm3
894 4403 993 4478 unde
1025 4432 1138 4506 quum
1164 4409 1225 4483 bm
1255 4437 1327 4484 sae·
