3048 5152
252 586 301 656 90

328 786 401 866 „ut
426 769 573 842 dubites
597 793 663 840 ruo
690 793 742 838 an
775 768 1003 864 Cleopatrae
1025 771 1185 843 arbitrio
1210 775 1326 844 vieto·

327 897 427 964 riam
451 903 730 992 temperaturus
744 890 914 979 fuerit.“

252 1054 434 1129 Nimirum
457 1053 493 1125 in
510 1079 552 1126 eo
569 1048 670 1123 cuius
686 1045 937 1152 apographum
954 1072 1028 1123 erat
1048 1052 1161 1125 codex
1182 1051 1328 1126 Murba·

253 1175 366 1250 censis
376 1175 469 1246 libro
483 1170 805 1271 legebanturhaee:
821 1172 1121 1248 uedubitesuoan.
1146 1173 1249 1261 Quae
1262 1200 1328 1274 per

252 1321 412 1370 errorem
426 1295 473 1366 ita
485 1291 652 1365 disiunxit
666 1289 832 1364 librarius
842 1289 980 1366 Murb.:
1006 1293 1190 1364 uidebites
1206 1319 1253 1364 uo
1264 1320 1325 1366 an.

251 1417 351 1490 Haec
369 1413 487 1486 Murb.
504 1409 679 1485 Monachi
700 1411 809 1484 verba
822 1408 1017 1483 Rhenanus
1033 1412 1082 1483 sic
1098 1409 1202 1510 legit:
1226 1415 1329 1484 vide·

253 1537 327 1609 bite
353 1561 440 1627 suo,
469 1527 684 1604 Amerhach.
708 1555 794 1604 vero
818 1530 886 1604 sic:
915 1531 1099 1604 videbites
1117 1559 1174 1605 ne.
1229 1531 1329 1618 Quo·

252 1685 333 1731 rum
354 1677 505 1750 uterque
530 1651 639 1723 falsus
669 1671 720 1723 est
744 1677 786 1723 eo
813 1649 913 1750 quod
942 1651 1082 1724 literam
1104 1682 1123 1725 a
1143 1651 1328 1750 duplicare

250 1777 478 1875 negligerent.
538 1769 798 1844 Amerbachius
828 1796 913 1843 vero
947 1770 1108 1844 absurdis
1139 1773 1250 1845 literis
1281 1799 1328 1846 ιιο

249 1921 393 1972 sensum
437 1892 705 1966 subministrans
739 1891 937 1990 procreavit
980 1891 1080 1992 quod
1117 1929 1168 1950 ⁴-
1208 1914 1248 1965 ut
1279 1895 1330 1967 vi·

252 2013 355 2090 detur
393 2055 438 2074 ·-
482 2039 667 2112 nunquam
702 2039 722 2082 a
751 2010 894 2085 Velleio
929 2015 1132 2110 profectum
1165 2035 1230 2088 est:
1270 2041 1326 2087 oe.

249 2136 393 2210 Etenim
416 2135 476 2207 hic
500 2134 634 2206 factum
667 2149 718 2203 est
748 2128 787 2202 id
816 2128 861 2203 de
888 2157 962 2231 quo
995 2159 1103 2231 supra
1135 2160 1212 2232 cap.
1238 2133 1331 2207 XlIl

250 2285 271 2329 a
293 2257 395 2330 nobis
417 2254 618 2355 expositum
644 2271 704 2324 est

349 2453 405 2526 De
428 2453 563 2527 ultimis
589 2453 693 2524 etiam
721 2449 863 2552 periodi
883 2453 1014 2527 verbis:

326 2591 424 2684 „qao
445 2593 501 2658 ad
522 2590 602 2658 eius
615 2587 764 2679 jugem
780 2585 982 2659 arbitrium
1004 2592 1146 2662 direxit
1156 2567 1338 2688 sugam·

251 2765 368 2839 neque
388 2737 588 2831 Rhenmo,
623 2762 738 2833 neque
763 2735 904 2810 Orellio
933 2739 1116 2837 astipulor.
1168 2743 1330 2818 suadem

326 2875 424 2969 „qui
449 2878 505 2944 ad
528 2875 608 2946 eius
622 2873 772 2968 fugam
801 2871 1005 2945 arbitrium
1025 2878 1165 2949 direxit
1183 2889 1331 2958 auum

144 3127 148 3136 1
248 3027 300 3102 lta
326 3045 362 3100 et
378 3026 556 3100 Rhenano
582 3026 689 3099 simul
713 3050 797 3098 cum
813 3024 1072 3121 Amerbachio,
1095 3048 1131 3102 et
1154 3073 1206 3088 -
1231 3031 1332 3132 quod

252 3148 448 3219 maximnm
463 3187 514 3204 «-
529 3147 673 3221 Velleio
694 3171 751 3220 me
770 3147 1027 3225 satisfacturum
1048 3151 1189 3250 opinor.
1234 3151 1333 3226 Dicit

252 3266 349 3340 enim
364 3267 526 3365 scriptor,
550 3262 786 3340 dubitandum
804 3293 887 3339 sane
902 3267 1019 3362 fuisse,
1036 3297 1082 3342 an
1096 3270 1209 3371 quiin
1225 3271 1331 3344 rebus

252 3390 344 3460 male
377 3389 481 3485 gestis
507 3414 613 3459 suum
635 3387 822 3461 arbitrium
851 3385 897 3458 ad
921 3386 1132 3488 Cleopatrae
1158 3389 1334 3464 iudicium.

249 3505 545 3598 accommodarit,
567 3507 663 3578 idem
684 3524 782 3605 parta
800 3507 943 3580 victoria
966 3535 1031 3581 suo
1054 3509 1163 3609 ipsius
1184 3512 1331 3585 arbitrio

250 3655 334 3701 usus
358 3627 472 3700 fuerit.
527 3625 569 3698 In
598 3625 783 3699 Orelliana
810 3627 963 3700 lectione
989 3629 1107 3702 miuus
1132 3631 1275 3731 placent
1296 3654 1331 3704 et

250 3748 325 3823 duo
353 3749 406 3820 illi
434 3746 579 3846 genitivi
611 3749 691 3818 eius
715 3741 857 3842 fugae,
894 3766 929 3820 et
964 3750 1123 3848 neglecta
1154 3752 1332 3828 Editionis

249 3897 305 3969 pr.
333 3867 539 3960 auctoritas,
573 3867 707 3967 quippe
741 3893 831 3967 qnae
864 3893 974 3941 attam
1002 3870 1142 3966 prodat.
1196 3873 1332 3962 Quam.

250 4017 359 4086 quam
379 4016 452 4063 non
475 3988 604 4087 ignoro
632 3985 805 4085 genitivos
821 3987 904 4060 illos
926 3989 1032 4062 etiam
1056 3991 1209 4066 inveniri
1233 4022 1332 4068 eom·

249 4109 369 4211 plnres
394 4109 599 4208 praesertim
621 4105 708 4178 Julii
731 4105 889 4180 Caesaris
908 4107 946 4182 in
975 4110 1127 4209 scriptis.
1178 4114 1333 4190 Accedit

253 4227 354 4330 quod
384 4229 563 4302 Antonius
584 4232 730 4324 sugam
754 4255 865 4304 suom
899 4231 949 4324 (si
976 4232 1013 4305 in
1049 4232 1163 4330 ipsam
1193 4255 1333 4309 senten·

251 4351 337 4426 tiam
360 4375 468 4449 quam
492 4349 569 4422 fieri
591 4347 701 4449 possit
725 4348 879 4425 maxime
903 4349 1097 4450 intremus)
1119 4353 1331 4455 Cleopatrae
