3048 5152
1225 597 1274 672 69

200 812 277 886 cap.
292 787 349 857 55.
373 803 515 858 narrata
537 800 653 854 erant:
678 779 841 884 Sequens
854 779 1048 870 Fortunam
1068 811 1171 862 suam
1186 784 1274 880 Cae·

198 931 266 997 sar,
288 924 475 1004 pervectus
496 902 726 995 inAfricam,
751 929 858 1000 quam
877 904 995 976 occiso
1013 903 1188 996 Curione,
1214 907 1273 988 Iu-¹

197 1024 371 1097 lianarum
393 1023 483 1095 duee
509 1022 676 1123 partium,
704 1022 916 1123 Pompeiani
944 1025 1151 1108 obtinebant
1175 1052 1272 1100 exer·

198 1145 298 1238 citus,
324 1144 373 1216 ibi
392 1144 512 1244 primo
536 1144 668 1217 variam
684 1143 881 1217 Fortunam
904 1147 1118 1246 expugnavit
1132 1146 1272 1241 virtute,

195 1264 456 1361 inclinataeque
492 1262 651 1335 hostium
691 1265 854 1362 copiae.“
924 1263 1090 1352 Quorum
1123 1291 1273 1361 memor,

194 1385 326 1457 nescies
353 1383 543 1467 nobiscum
579 1382 666 1480 quid
697 1385 763 1457 sibi
791 1386 875 1458 velit
897 1384 1092 1480 Krausius,
1122 1407 1271 1461 conten·

195 1501 301 1598 dens,
330 1531 404 1576 non
421 1502 654 1602 cogitandum
682 1527 755 1574 esse
772 1501 816 1575 de
843 1505 942 1576 hello
960 1503 1107 1577 Caesare
1130 1504 1272 1605 auspice

147 1628 152 1634 ’
194 1623 233 1698 in
251 1624 372 1696 Africa
398 1643 506 1720 gesto.
557 1619 678 1691 Verba
703 1620 763 1692 illa
793 1648 884 1720 qnae
909 1624 1026 1696 statim
1057 1644 1273 1727 sequuntur:

195 1747 257 1814 vir
278 1747 426 1838 eloquio
460 1745 618 1814 Curioni
644 1745 857 1814 simillimus
889 1743 1027 1817 Velleio
1062 1744 1273 1820 Africanum

194 1861 333 1934 bellum
354 1863 392 1934 in
414 1862 572 1933 animum
593 1863 775 1936 revocanti
796 1863 961 1935 facillime
984 1863 1146 1938 excidere
1170 1886 1272 1966 pote·

196 2002 288 2055 rant.
342 1980 440 2067 Quin
462 1983 539 2082 ipsa
557 1985 749 2056 verborum
768 1983 899 2083 positio
921 1984 1084 2077 ostendit,
1104 1983 1271 2084 scriptori

194 2099 231 2175 h.
253 2103 275 2175 l.
304 2103 394 2174 iacta
424 2129 510 2175 voce
540 2105 758 2198 Africaque
787 2103 890 2174 etiam
920 2105 1070 2176 lectores
1097 2131 1180 2178 suos
1216 2132 1271 2178 ea·

197 2222 350 2295 rundem
364 2248 484 2295 rerum
505 2223 744 2326 Curionisque
765 2223 967 2296 meminisse
984 2224 1085 2299 visos.
1126 2225 1272 2298 Etenim

194 2341 223 2415 si
247 2363 416 2443 tanquam
444 2370 574 2416 novam
605 2345 713 2443 plane
749 2370 942 2443 personam
976 2343 1173 2417 induxisset
1201 2344 1271 2417 Cu-

195 2463 345 2557 rionem,
364 2463 572 2561 scripsisset:
604 2465 684 2555 „M.
708 2464 869 2550 CoeliuS,
889 2466 950 2534 vir
966 2467 1112 2560 eloquio
1127 2467 1271 2535 animo-

195 2611 266 2680 que
287 2587 498 2655 simillimus
524 2583 719 2660 Curioni.“
774 2583 886 2670 Quod
908 2584 973 2656 etsi
996 2579 1104 2683 neges
1130 2585 1178 2681 (et
1198 2587 1270 2659 scio

194 2704 322 2776 multos
347 2705 422 2775 fore
451 2702 514 2801 qui
538 2703 622 2775 tales
656 2731 741 2800 quas
769 2703 888 2777 dicant
914 2733 1025 2802 nugas
1049 2707 1271 2807 ineptiasque

196 2849 340 2921 prorsus
370 2823 472 2894 nihili
503 2824 648 2916 faciant)
677 2851 751 2895 non
781 2824 997 2924 repugnabis
1027 2845 1144 2898 tamen
1181 2853 1271 2925 quo·

195 2943 315 3015 minus
334 2944 371 3013 in
392 2942 447 3013 his
469 2941 627 3040 legendis
650 2943 731 3014 voci
754 2947 965 3015 simillimus
990 2971 1121 3017 sonum
1146 2944 1270 3037 addas,

194 3063 313 3161 neque
344 3062 522 3135 recitabis:
559 3063 635 3155 „vir
664 3061 806 3158 eloquio
829 3063 1020 3163 animoque
1048 3066 1205 3137 Curioni
1225 3067 1269 3140 si·

194 3181 405 3273 millimus,“
425 3180 493 3254 sed
519 3182 597 3276 „vir
614 3181 757 3283 eloquio
770 3184 965 3285 animoque
986 3183 1139 3261 Curioni
1154 3189 1269 3261 ‹simil›

192 3305 337 3380 limus.“

290 3546 336 3619 Et
357 3571 401 3618 ne
425 3544 514 3645 quid
531 3545 660 3646 reliqui
677 3547 814 3640 faciam,
845 3545 1002 3621 Caesaris
1018 3546 1081 3619 illa
1105 3547 1269 3638 „Iisdem

193 3664 422 3757 temporibus
448 3664 548 3763 (vid.
575 3665 618 3737 B.
639 3663 678 3737 C.
701 3665 767 3758 HI,
785 3670 855 3760 ae)
882 3693 992 3765 quum
1019 3662 1270 3758 demonstrent,

191 3779 295 3853 illum
334 3804 410 3854 ante
449 3812 610 3884 pugnam
640 3783 879 3857 Pharsalicam
919 3783 1144 3857 commissam
1177 3783 1266 3858 sedi·

192 3899 328 3971 tionem
351 3903 522 3995 movisse,
551 3902 739 3977 verisimile
761 3923 831 3994 est,
861 3904 1043 3978 Velleium
1068 3929 1123 3976 res
1147 3904 1269 4002 paullo

193 4039 228 4090 et
255 4039 334 4090 ante
367 4041 400 4092 et
430 4044 512 4122 post
537 4044 648 4122 gestas
673 4022 856 4096 seditionis
884 4023 981 4096 illius
1014 4024 1271 4123 chronologice

192 4138 417 4213 definiendae
444 4168 511 4240 pro
539 4143 695 4215 terminis
720 4142 888 4243 posuisse.
938 4139 1067 4245 Neque
1093 4141 1270 4244 estquod

191 4259 340 4354 addam,
379 4262 554 4336 vocabulo
591 4265 810 4361 Africaque
840 4261 902 4339 hic
930 4263 1048 4338 minus
1081 4263 1269 4361 diligenter

190 4386 297 4458 verba
324 4385 365 4456 in
388 4386 472 4456 aare
497 4385 723 4459 Pharsalico
749 4384 873 4483 excipi.
