3044 5150
233 621 298 731 I'III

237 791 335 862 diois
364 789 613 866 Morbocensis
655 790 918 891 apographum,
969 791 1145 866 Bonifucii
1181 788 1308 869 Amer-
1412 810 1415 816 '

236 902 351 978 bachii
378 933 484 978 manu
513 916 693 979 exaratum
707 904 758 1005 *).
1133 953 1138 962 ·
1193 967 1210 975 ..

323 1079 382 1152 Re
412 1106 483 1177 quo
520 1079 677 1152 ofellius
698 1080 779 1181 **).
825 1080 1037 1174 „Fuerunt,
1076 1066 1210 1180 inquit,
1247 1087 1310 1183 qui

235 1241 259 1284 „
269 1191 472 1285 crederent,
497 1192 564 1266 hoc
587 1197 703 1292 ipsum
730 1194 908 1293 exemplar
933 1196 1097 1268 nuditum
1124 1222 1201 1269 esse
1226 1198 1308 1296 ope·

236 1307 317 1397 „ris
358 1306 606 1380 Frobenianis:
656 1336 700 1381 ex
750 1335 820 1407 quo
862 1309 981 1382 Editio
1023 1310 1187 1408 princeps
1227 1311 1317 1383 anni'

235 1419 426 1512 „MDXX
464 1425 736 1521 exprimeretur,
790 1421 948 1520 adeoque
989 1422 1057 1496 hoc
1093 1422 1183 1496 illud
1218 1451 1308 1517 esse,

234 1533 366 1631 „quod
399 1535 593 1610 Rhenanus
637 1547 868 1635 properanter
904 1549 1010 1635 atque
1047 1536 1233 1611 infeliciter
1264 1537 1308 1611 ab

233 1649 377 1738 „amico
415 1641 568 1747 quodam
613 1646 828 1747 descriptum
867 1652 1094 1749 conqueritur
1139 1653 1176 1723 in
1212 1653 1309 1726 dedi·

234 1763 440 1853 „catione.“
469 1760 573 1863 (pag.
588 1761 639 1863 5)
683 1760 738 1837 At
753 1775 861 1862 negat
883 1776 1076 1866 utrumque
1100 1761 1269 1839 Orellius.

241 1935 246 1942 ’
319 1940 396 2014 Nos
425 1953 542 2016 autem
571 1953 612 2015 ut
638 1941 837 2041 exemplum
864 1935 1187 2014 Amerhachianum
1210 1945 1307 2044 typis

234 2050 449 2154 descriptum
484 2083 555 2128 non
598 2083 677 2129 esse
712 2054 955 2146 concedimus,
996 2058 1047 2128 ita
1066 2055 1308 2130 dissentimus

233 2165 279 2240 ab
304 2194 346 2242 eo
373 2169 470 2268 quod
493 2170 652 2244 Orellios
668 2167 755 2267 ***)·
746 2170 905 2240 ·statuit:
940 2167 1138 2266 exemplum
1154 2169 1242 2241 illud
1261 2172 1307 2245 ab

200 2303 203 2309 “
232 2283 344 2355 amico
369 2283 521 2380 quodam
546 2282 710 2354 Rhenani
738 2282 950 2379 descriptum
979 2281 1072 2354 idem
1099 2308 1176 2355 esse
1203 2295 1308 2396 atque

230 2394 319 2466 iilud
345 2397 441 2494 qnod
461 2387 653 2495 typothetis
678 2395 844 2467 traditum
869 2396 923 2468 sit
981 2395 1240 2469 Nosenim-
1267 2410 1326 2474 ut¹
1406 2409 1408 2413 '

231 2508 327 2604 qnod
363 2508 466 2580 nobis
503 2509 813 2585 demonstrandum
855 2511 1068 2607 sumpsimus
1105 2511 1221 2583 statim
1260 2512 1304 2588 ab

230 2621 329 2694 initio
362 2635 533 2719 ponamus
562 2664 620 2678 -
654 2624 918 2717 contendimus,
946 2623 1103 2696 codicem
1131 2620 1306 2700 Amerba·

229 2733 391 2824 cinianum
418 2763 495 2810 esse
524 2738 703 2837 exemplar
723 2738 812 2808 illud
834 2736 877 2810 ab
902 2740 1014 2810 amico
1038 2738 1190 2837 quodam
1209 2741 1305 2815 Rhe·

228 2851 312 2920 nani
341 2863 571 2948 properanter
600 2862 706 2950 atque
731 2851 917 2925 infeliciter
945 2852 1171 2949 descriptum,
1198 2857 1305 2954 idque

230 2961 408 3038 diversum
441 2993 518 3040 esse
544 2964 589 3038 ab
619 2992 660 3039 eo
684 2965 845 3065 exemplo
867 2966 963 3063 quod
984 2977 1023 3052 ut
1046 2967 1140 3065 typis
1176 2971 1305 3044 exscri-

228 3074 374 3156 beretur
401 3082 440 3152 in
470 3081 648 3154 officinam
676 3080 845 3152 Frobenii
873 3083 1019 3152 missum
1048 3089 1111 3152 est.
1177 3130 1185 3158 ,-

313 3248 448 3352 Accipe
477 3279 567 3353 quae
596 3255 633 3325 in
662 3253 898 3348 dedicatione,
929 3255 1075 3328 editioni
1103 3254 1305 3329 Velleianae

228 3370 419 3467 praemissa
463 3380 498 3441 et
538 3378 638 3440 sexto
675 3365 728 3438 ld.
765 3363 854 3440 Dec.
894 3395 985 3440 anno
1023 3368 1180 3443 MDXX
1224 3396 1305 3443 con·

154 3655 160 3672 s
237 3607 239 3612 ι
297 3629 322 3712 ⁸)
352 3635 457 3692 Oroiiio
478 3641 589 3692 auctore
610 3639 682 3692 hanc
699 3639 786 3710 hotot
808 3639 1051 3708 subscriptionem:

602 3727 699 3780 Tertio
721 3727 782 3779 Eid.
806 3725 876 3796 dog.
897 3719 1017 3790 [effi

624 3809 763 3864 Basileios
786 3807 819 3860 In
841 3811 912 3864 cdib.
935 3812 991 3866 suis

685 3894 736 3947 Bo.
753 3894 926 3948 Amerbacch

529 3968 653 4051 ’Θεσμδν
673 3967 747 4054 ἔρως
768 3969 822 4086 ov'ap
842 3967 903 4035 cide
921 3970 1076 4053 βιημιὶχος
1128 4023 1129 4026 ,

700 4153 702 4160 ,
797 4094 828 4156 V

283 4194 323 4264 ⁸⁸)
335 4223 337 4228 v
351 4198 413 4253 vm.
436 4199 478 4250 ed.
497 4198 585 4253 0reII.
605 4219 630 4268 p.
643 4199 716 4252 VIII.

267 4318 322 4394 ⁸·*)
348 4323 409 4376 I'id.
432 4322 532 4377 0relIii
556 4324 599 4377 cd.
618 4323 722 4394 pagina
736 4323 803 4378 VIII
825 4329 853 4380 ct
873 4325 927 4387 lx,
956 4329 985 4380 et
1007 4329 1102 4384 confer
1122 4325 1304 4385 tranianum
1402 4319 1405 4325 ‘

347 4425 374 4476 ιι.
390 4409 438 4464 52.
