3048 5152
1174 607 1245 681 109

92 889 94 892 ,
173 821 265 874 esse.
314 795 425 884 Quod
450 792 634 889 diiudices,
660 819 802 892 quaeso,
833 821 877 866 an
898 821 966 868 nos
989 785 1246 892 invenerimus,

104 1007 105 1010 Ἴ
177 919 209 991 si
234 915 462 992 scribendum
485 940 746 1015 proponamus:

293 1059 443 1147 Quanto
475 1081 559 1128 cum
593 1065 888 1151 temperamento
922 1057 1038 1128 simul
1071 1059 1250 1132 utilitatis

287 1179 379 1273 reip.
407 1204 470 1248 res
499 1190 536 1247 et
567 1178 808 1248 auctoritatis
829 1177 1072 1270 imperatoris
1102 1179 1169 1274 agi
1193 1180 1249 1249 vi·
1368 1225 1374 1238 ·

288 1293 440 1368 dimus?

180 1436 309 1510 Sensus
343 1457 407 1510 est:
456 1433 624 1507 Tiberius
661 1435 844 1508 tamenetsi
875 1434 914 1506 in
949 1437 1052 1508 rebus
1087 1433 1250 1534 gerendis

180 1556 288 1636 nihil,
309 1554 504 1629 discesserit
546 1581 565 1624 a
603 1551 770 1650 dignitate
810 1552 1037 1651 Imperatoris
1076 1553 1166 1628 nihil
1204 1554 1250 1628 de

179 1676 381 1748 auctoritate
408 1699 470 1745 sua
499 1667 660 1743 deminui
689 1695 828 1769 passus,
855 1691 971 1743 tamen
1003 1699 1118 1774 neque
1145 1696 1251 1748 teme.

181 1794 272 1866 ritati
307 1821 478 1892 umquam
514 1791 638 1864 locum
672 1816 744 1862 esse
779 1792 925 1889 putavit
997 1791 1124 1890 Neque
1155 1796 1250 1867 enim

182 1939 352 2012 umquam
376 1912 461 2011 reip.
486 1909 667 1982 utilitatem
694 1909 994 2008 commodumque
1018 1936 1037 1982 e
1059 1933 1253 2012 conspectu

183 2030 314 2124 amisit3
340 2030 428 2103 haec
456 2030 603 2131 quidem
628 2029 661 2102 ei
688 2056 827 2130 semper
852 2058 956 2105 curae
983 2052 1093 2104 erant.

282 2189 519 2294 Voocb3res
551 2188 594 2258 ab
630 2213 672 2260 eo
711 2187 809 2286 quod
841 2190 884 2260 ab
919 2188 984 2261 illo
1014 2188 1110 2266 haud
1147 2195 1253 2292 longe

183 2305 324 2380 distaret
348 2333 380 2382 v.
402 2310 496 2404 reip.
521 2308 727 2405 absorptum
747 2333 820 2379 esse
842 2306 1038 2403 concedes,
1064 2339 1182 2412 neque
1208 2311 1253 2386 de

184 2427 396 2503 vocabulum
431 2453 539 2526 quam
577 2423 739 2498 dedimus
777 2427 951 2526 positione
989 2450 1112 2531 utpote
1150 2431 1255 2532 plene

185 2549 367 2626 Velleiana
393 2547 579 2647 scrupulus
607 2548 720 2642 ullus,
748 2546 866 2641 credo,
893 2549 1067 2634 residebit.

424 2972 675 3100 curun
706 2972 1007 3064 mm

503 3131 688 3202 v011.11,1tt.
706 3151 732 3206 p.
744 3131 795 3187 127
808 3133 847 3187 ed.
859 3133 942 3214 θεοῦ.

267 3281 351 3358 „rra
365 3282 515 3365 puteus
535 3283 675 3348 tutes
692 3255 834 3348 mm
853 3305 925 3350 m
943 3287 991 3348 rra
1007 3284 1122 3364 stuta
1137 3283 1259 3354 wem

185 3397 221 3450 ut
237 3385 406 3470 ubituuqtae
427 3385 545 3450 Caesar
563 3400 663 3463 essct,
690 3389 770 3450 nihil
788 3392 823 3450 in
838 3409 870 3450 ss
889 3394 1106 3470 reponereru.“
1145 3392 1197 3446 ut.
1218 3407 1258 3460 pr·

186 3515 214 3566 1³.
236 3499 284 3556 59.

187 3735 394 3865 Demiror,
419 3793 559 3872 praeter
587 3771 765 3845 Orellium
794 3773 840 3844 V.
870 3769 922 3841 cl.
951 3768 1133 3840 neminem
1160 3764 1259 3863 quic·

189 3918 297 3992 quam
321 3886 357 3962 h.
378 3891 403 3962 l.
430 3887 806 3994 desiderassepquum
833 3890 940 3963 verba
965 3889 1058 3974 „ita
1077 3882 1259 3980 placebat
1349 3939 1352 3944 .

175 4013 330 4106 fiducia
364 4013 541 4083 virium“
573 4010 742 4108 coniungi
772 4010 878 4110 plane
915 4003 1124 4107 nequeant(
1160 4001 1259 4076 Luce

191 4131 319 4206 clarius
348 4148 417 4221 est,
450 4128 568 4202 verbis
592 4131 745 4219 fiducia
778 4130 917 4199 virium
941 4121 1148 4198 addendum
1187 4147 1259 4194 esse

189 4251 338 4327 verbum
379 4247 533 4348 aliquod.
619 4248 865 4335 Quamobrem
906 4245 994 4318 haec
1030 4242 1183 4318 fidenter
1220 4241 1258 4313 in

188 4391 320 4446 textum
344 4390 510 4470 putamus
532 4366 735 4468 recipienda
756 4393 849 4442 esse:
