3044 5150
1199 613 1268 676 rm

196 789 352 866 codicem
380 811 422 862 co
452 797 611 887 tempore
642 814 714 889 quo
746 786 942 862 Rhenanus
968 809 1098 862 novum
1131 799 1167 862 ct
1194 813 1265 863 mc·

161 984 163 990 ¹
196 905 295 978 lioris
324 913 427 975 notae
454 901 584 976 librum
610 903 789 977 inventum
817 903 861 974 iri
890 901 1090 1002 desperavit
1116 901 1266 1002 ideoque

197 1018 242 1090 ad
265 1017 440 1092 Velleium
469 1015 642 1090 edendum
676 1045 714 1091 se
742 1019 893 1090 accinxit
921 1015 1170 1090 Seletetadiun
1196 1042 1269 1090 uon

197 1157 273 1206 esse
306 1133 558 1205 transmissum.
631 1133 712 1206 Nisi
758 1133 851 1204 sorte
890 1131 1076 1222 coniicias,
1114 1155 1193 1202 eum
1227 1141 1269 1204 nt

196 1244 350 1320 codicem
378 1245 555 1318 conferret
583 1245 795 1320 Scletstadio
827 1244 1041 1320 Murbacum
1069 1244 1268 1340 proiectum

196 1384 286 1436 esse.
364 1357 499 1432 Munus
542 1359 682 1458 quidem
721 1358 902 1458 publicum
940 1356 1075 1431 nullum
1111 1382 1268 1456 uuquam

196 1474 307 1572 gessit
332 1483 368 1545 et
394 1472 561 1546 Zeltnero
589 1486 733 1548 auctore
759 1499 880 1571 „opes
909 1475 942 1546 ei
971 1471 1150 1570 speciosae
1178 1469 1268 1546 obti-

197 1588 362 1686 gerunt.“

280 1737 422 1834 Quibus
451 1741 681 1839 praemissis‚·
710 1766 782 1812 non
810 1743 885 1813 sine
920 1764 1025 1812 causa
1056 1739 1267 1814 contendere

194 1853 280 1924 mihi
322 1853 462 1946 videor,
504 1854 714 1951 „exemplar
751 1851 839 1926 illud
881 1851 926 1926 ab
965 1855 1076 1927 amico
1116 1853 1269 1954 quodam

193 1965 359 2038 Rhenani
387 1967 601 2068 descriptum
612 1971 639 2014 “
676 1967 871 2069 typothetis
899 1967 1131 2041 Frobeuianis
1160 1967 1267 2040 tradi·
1385 2055 1387 2060 ι

194 2090 270 2154 tum
297 2105 369 2152 non
398 2107 491 2159 esse..
550 2082 672 2158 Verba
703 2094 820 2155 autem
855 2079 916 2153 illa
948 2107 1054 2178 supra
1083 2081 1189 2153 allata
1218 2082 1268 2154 ita

193 2204 280 2292 puto
319 2221 396 2268 esse
438 2196 721 2294 interpretanda,
768 2206 808 2268 ut
826 2193 975 2282 ¹adiecta
1004 2193 1064 2266 illa
1110 2218 1268 2292 „prope-

193 2318 313 2380 ranter
354 2335 395 2380 ac
437 2309 626 2384 infeliciter
660 2309 907 2410 descriptum“
952 2334 1112 2382 caussam
1149 2308 1268 2404 potius

194 2420 412 2524 significent,
458 2449 527 2523 qua
569 2423 715 2516 ductus,
763 2424 937 2515 codicem,
969 2449 1083 2522 ¹quem
1124 2421 1269 2493 minoris

194 2561 298 2634 quam
322 2562 361 2609 re
387 2562 471 2609 vera
499 2549 593 2611 esset
618 2539 723 2636 pretii
750 2536 916 2630 haberet,
944 2537 1133 2635 presserit,
1163 2546 1271 2634 atque

194 2649 411 2722 emendatius
451 2651 613 2725 Merulae
658 2651 837 2749 exemplar
873 2654 1095 2748 exspectarit
1174 2647 1269 2720 Puto

194 2763 357 2862 equidem
385 2763 597 2838 Rhenanam
636 2763 770 2839 dicere:
805 2764 874 2838 sibi
902 2764 1083 2864 exemplar
1107 2761 1196 2835 illud
1223 2760 1268 2836 ab

194 2877 306 2948 amico
344 2876 558 2978 descriptum
591 2880 639 2952 ita
677 2881 907 2976 imposuisse,
941 2888 981 2949 ut
1012 2878 1169 2951 codicem
1198 2901 1270 2948 nou

194 2990 313 3063 statim
343 2989 500 3065 ediderit
564 2993 693 3092 Neque
731 2993 823 3063 enim
862 2991 985 3082 video,
1021 3016 1141 3090 quem⁸
1162 2987 1269 3060 alium

192 3104 229 3175 iu
264 3102 371 3176 linem
407 3104 582 3179 addiderit
618 3133 673 3176 vv.
705 3116 940 3206 properanter
981 3131 1025 3178 ac
1060 3100 1270 3198 infeliciter:

194 3219 326 3318 quippe
355 3243 444 3317 quac
472 3217 561 3290 nihil
589 3221 758 3292 attineant
790 3219 835 3292 ad
864 3218 1042 3292 lectorem.

276 3379 347 3475 Re,
375 3393 416 3454 ut
431 3380 610 3480 putabam,
636 3409 749 3484 paene
778 3381 941 3456 absoluta
958 3407 1050 3456 nova
1080 3378 1184 3452 nobis
1205 3377 1268 3450 du·

192 3493 318 3569 bitatio
351 3495 476 3570 oborta
512 3507 565 3570 est
601 3496 656 3569 his
683 3498 827 3570 lirausii
861 3495 1001 3573 verbisx
1038 3493 1270 3589 „Rhenanus

191 3611 253 3682 ubi
281 3637 301 3684 e
332 3614 451 3686 codice
478 3613 630 3709 inspecto
667 3613 796 3710 (quem
827 3611 938 3710 igitur
970 3609 1015 3682 ad
1042 3634 1184 3680 manum
1206 3603 1268 3676 hu·

193 3719 338 3820 hebeti>
372 3724 539 3798 facfllima
565 3735 600 3797 et
628 3727 815 3798 manifesta
844 3735 919 3797 erat
952 3723 1146 3812 correctio,
1185 3743 1267 3790 cou-

195 3833 328 3910 iectura
344 3839 517 3932 medetur,
548 3864 660 3936 eaque
687 3849 759 3912 tam
788 3837 897 3932 l'elici,
925 3848 964 3910 ut
991 3834 1122 3909 codicis
1150 3855 1269 3906 veram

317 4073 486 4140 memmae
513 4082 615 4140 omum
643 4100 703 4138 rare
735 4084 772 4138 ab
801 4081 1004 4144 Amerbachim
1038 4079 1094 4146 nisi
1117 4077 1270 4134 sentcntiae

316 4176 396 4214 meae
419 4168 500 4219 modo
525 4166 615 4222 dictae
638 4166 813 4221 accensita
834 4167 950 4221 fortasse
975 4167 1102 4230 tuebere,
1126 4168 1158 4217 ut
1176 4162 1269 4232 capita

315 4242 366 4297 illu
383 4259 452 4314 quae
476 4246 505 4300 in
521 4249 699 4305 Amcrbachii
722 4250 814 4304 codice
839 4267 893 4303 nou
920 4255 1029 4306 exstant
1053 4249 1082 4301 in
1109 4246 1168 4314 ipso
1190 4245 1267 4298 iuvo-

314 4327 400 4394 lucro‚
422 4331 454 4380 ut
473 4328 506 4382 et
525 4330 554 4384 in
573 4338 641 4387 vett.
665 4335 753 4402 codd,
770 4335 980 4392 membranaceo
998 4329 1153 4402 murcriptu
1172 4329 1266 4384 Amor·

312 4410 407 4468 bachii
425 4409 518 4466 oculos
540 4413 647 4484 fugisse
668 4434 770 4474 eumue.
