3044 5150
489 947 742 1043 osen!
768 945 922 1040 xtx

523 1134 591 1190 vui.
599 1134 637 1202 11,
654 1129 691 1186 aa
707 1127 891 1203 pacatam.

250 1305 418 1380 „Immo
437 1304 567 1368 tettcae
584 1308 722 1368 civitats's
740 1311 960 1386 armathen,
983 1301 1067 1383 qttod
1080 1303 1179 1366 muel
1190 1307 1247 1374 sul

170 1408 307 1492 mpibtu,
332 1412 443 1474 iterun
470 1409 529 1472 lenc
559 1409 592 1470 l!
619 1409 741 1473 Manlio
769 1405 837 1468 Ces.
862 1401 916 1457 ΙΙῙ
940 1404 1081 1486 Auqsuto
1104 1413 1247 1495 princepe

171 1526 277 1576 certae
307 1516 398 1594 pacta
432 1525 642 1594 myreneutm
673 1510 772 1574 lunc
803 1515 942 1592 qemtmoe
974 1512 1094 1576 clasma
1125 1513 1247 1578 dedtt.“

170 1623 222 1677 ut.
244 1627 398 1694 9142&

663 1735 758 1756 a

172 1877 411 1984 Ruhnkenio
436 1905 638 1980 inducenda
665 1906 832 1981 videntur
859 1912 966 1982 verba
990 1927 1116 1984 certae
1129 1919 1245 2010 pacis

174 2043 446 2127 argumentum.
497 2028 579 2100 Mea
604 2049 721 2100 autem
750 2029 918 2128 opinione
945 2057 984 2102 ea
1006 2031 1173 2106 nondum
1196 2035 1246 2109 ita

173 2150 344 2251 sanguine
371 2168 405 2220 ct
433 2168 613 2247 tamquam
647 2147 774 2248 spiritu
805 2174 926 2221 carcre
961 2171 1174 2250 coeperunt,
1207 2172 1247 2224 ut

172 2276 243 2345 iam
276 2264 490 2368 amputanda
515 2267 584 2339 sint
620 2288 655 2338 et
680 2266 881 2342 resecanda.
936 2268 1145 2367 Expeditius
1170 2298 1246 2344 uno

171 2413 311 2466 tantum
334 2385 443 2463 verbo
471 2409 604 2461 mutato
629 2389 826 2462 scribemus
851 2388 956 2463 hacc:

267 2534 468 2624 „Immune
485 2533 638 2605 bellicae
650 2536 817 2604 civitatis
828 2548 1092 2628 argumentum
1100 2535 1162 2631 (sc.
1177 2540 1247 2632 cst)

270 2657 374 2748 quod
394 2654 511 2724 semel
528 2653 595 2725 sub
615 2654 784 2748 regibus,
812 2656 949 2726 iterum
972 2657 1043 2726 hoc
1071 2657 1106 2725 Τ
1101 2709 1114 2728 .
1133 2657 1248 2728 Mart·

268 2775 319 2842 liu
360 2796 430 2842 cos.
464 2774 534 2843 ΙΙΙ
564 2773 738 2866 Aztgusto
769 2776 948 2868 principe
983 2789 1108 2846 certae
1137 2779 1248 2870 pacis

268 2916 396 2980 spem
416 2893 538 2962 Ianus
557 2895 732 2985 geminus
757 2895 905 2962 clausus
928 2896 1072 2963 dedit«

173 3050 281 3124 Haud
308 3078 388 3124 raro
414 3053 451 3124 iu
477 3051 543 3124 Ed.
573 3080 628 3150 pr.
654 3049 813 3122 invenire
833 3049 936 3142 licet,
965 3047 1065 3148 quud
1086 3049 1246 3124 librarius

173 3171 439 3264 Murhacensis‚
473 3170 509 3242 iu
544 3171 655 3243 verbo
685 3168 804 3268 aliquo
837 3169 953 3241 miuus
979 3167 1142 3242 distincte
1168 3196 1246 3270 per-

172 3312 292 3393 specto
321 3290 492 3383 haerens,
524 3291 597 3364 sive
629 3289 777 3363 omnino
804 3290 991 3363 oscitanter
1024 3315 1248 3389 remegeris,

172 3409 420 3504 similitudine,
459 3436 550 3510 quae
582 3409 663 3484 voci
698 3409 803 3481 alicui
831 3437 915 3484 cum
948 3409 1245 3508 praecedentibus

172 3531 414 3616 intercederet,
436 3530 501 3604 sihi
519 3529 659 3629 imponi
677 3556 808 3629 passus,
830 3529 958 3602 similia
974 3557 1057 3602 cum
1072 3529 1246 3600 similibus

129 3705 139 3725 .
174 3650 383 3726 condiderit.
441 3649 525 3737 Quo
551 3655 686 3722 lactum
710 3669 750 3721 ut
773 3647 809 3721 h.
835 3649 859 3724 l.
890 3647 1104 3722 vocabulum
1133 3651 1245 3719 docu-

174 3785 337 3848 mentum
361 3769 593 3872 quodmodo
614 3770 808 3868 scripserat,
835 3797 903 3869 pro
929 3795 983 3862 eo,
1012 3765 1110 3866 quod
1136 3767 1245 3842 literis

175 3887 345 3960 mandare
377 3889 524 3964 debebat
554 3917 657 3987 spem
684 3891 822 3962 calamo
851 3889 981 3960 sineret
1012 3887 1110 3960 elabi.
1169 3885 1245 3962 Sed

175 4029 321 4107 quaeret
345 4009 487 4082 fortasse
513 4009 709 4109 quispiam,
738 4006 826 4108 quid
851 4007 901 4079 rei
927 4007 972 4080 sit
998 4008 1110 4082 verbo
1137 4031 1244 4103 spem

175 4152 259 4200 cum
285 4127 397 4198 verbo
424 4124 716 4220 argumentum?
768 4124 886 4212 Quem
917 4123 1041 4225 ablego
1069 4126 1115 4198 ad
1139 4127 1246 4203 Wal-

173 4243 318 4318 therum
354 4243 542 4318 docentem
580 4248 673 4322 inter
712 4248 810 4323 varia
848 4246 948 4321 vocis
982 4250 1244 4342 argumentum

174 4362 391 4465 compendia
433 4391 552 4440 unum
596 4367 803 4464 pracsertim
845 4365 1013 4442 facillime
1051 4391 1135 4440 cum
1167 4389 1249 4440 voc·

953 4473 975 4536 3
