3048 5152
1245 592 1294 668 8³

206 785 388 861 'falluntur
423 783 666 884 lexicographi
703 803 739 856 et
766 780 893 854 Cicero
927 802 962 854 et
990 781 1112 856 Livius
1144 784 1293 856 verbum

212 906 306 981 illud
338 905 464 980 eadem
496 931 578 978 omn
608 905 750 978 Velleio
782 903 1040 1002 significatione
1074 905 1290 1005 usurparint.

213 1026 493 1123 Rectissimeque
527 1026 751 1099 Forcelliuus
783 1024 883 1097 hunc
915 1025 1047 1124 ipsum·
1069 1024 1191 1097 locum
1221 1049 1293 1096 una

214 1175 297 1221 oum
313 1145 521 1220 Lucaniauo
542 1141 700 1244 quodam
722 1143 994 1242 significationis
1009 1141 1105 1214 illius
1121 1162 1293 1241 tauquam

215 1266 476 1342 documentum
498 1265 625 1365 posuit.

545 1633 799 1726 GAPU'I'
827 1631 970 1724 m

515 1801 583 1855 Vell.
597 1799 637 1850 11.
654 1795 697 1851 80.
714 1794 742 1852 2.
764 1812 792 1866 p.
804 1791 840 1847 99
852 1795 893 1849 ed.
912 1795 994 1849 Orell.

297 1949 513 2026 „Dassidendo
538 1954 570 2014 ia
588 1949 724 2014 casios
745 1945 890 2010 caesana
914 1959 948 2008 et
966 1968 1087 2030 seraper
1107 1950 1232 2011 dasem
1248 1949 1297 2012 liis

217 2075 296 2137 quae
316 2057 389 2119 alias
401 2055 572 2139 placebant
594 2053 760 2117 dicendos
800 2059 851 2111 Ed.
870 2076 911 2127 pr.
931 2075 958 2126 1³.
972 2055 1022 2115 45.

700 2203 817 2212 ’ἡ

701 2215 816 2222 ---—.-

214 2307 365 2420 Minus
396 2365 489 2419 recte
518 2344 694 2418 Krausius
724 2342 797 2416 hoc
830 2367 974 2443 quoque
1008 2342 1090 2414 loco
1125 2339 1169 2414 de
1196 2368 1295 2416 more

215 2493 280 2540 suo
307 2464 518 2538 Ruhnkenii
540 2464 685 2562 vestigia
713 2488 882 2564 premens
910 2461 1086 2535 vocabulo
1116 2462 1296 2534 Caesaris

215 2586 357 2659 finalem
382 2583 534 2658 abscidit
559 2584 715 2676 literam,
742 2582 847 2655 nihili
871 2581 1025 2655 noxiam.
1079 2579 1178 2668 Quin
1204 2580 1295 2654 adeo

216 2706 333 2777 minus
362 2704 528 2778 convenit
555 2704 700 2778 Velleio
734 2729 833 2775 casus
864 2703 1014 2776 Dativus
1048 2730 1157 2802 quam
1187 2702 1298 2774 Geni⁴

217 2825 319 2898 tivus.
379 2827 579 2898 Dissidere
613 2826 729 2896 alicui
762 2821 908 2896 nonnui
933 2849 1007 2895 uuo
1039 2847 1153 2919 eoque
1181 2812 1296 2895 Hora-

217 2943 314 3015 tiano
337 2944 417 3016 loco
447 2945 633 3045 reperitur.
694 2941 824 3042 Neque
851 2967 935 3015 vero
965 2941 1041 3041 ipse
1070 2943 1142 3014 loci
1174 2943 1312 3014 seusus

218 3062 377 3137 dativum
411 3064 552 3156 patitur.
623 3062 782 3163 Lepidus
810 3061 970 3134 enimin
996 3062 1201 3136 uuiversum
1225 3063 1296 3136 liti·
1383 3075 1386 3080 '

216 3184 309 3285 giosi
324 3177 589 3285 pervicacisque
605 3183 758 3256 hominis
784 3203 902 3280 partes
920 3183 1126 3282 suscepisse,
1148 3169 1295 3259 minime

214 3306 284 3406 ipsi
306 3303 446 3377 Caesari
462 3302 663 3376 adversatus
680 3326 755 3378 esse
773 3303 911 3378 dicitur.
950 3304 1052 3392 Quae
1077 3325 1293 3402 sequuntur:

216 3440 255 3497 et
278 3453 427 3521 semper
455 3467 507 3480 —
535 3426 693 3496 dicendo
724 3451 843 3496 merae
872 3423 971 3498 verbi
993 3430 1211 3499 dissidendo
1239 3452 1296 3496 ex·

216 3545 401 3644 plicationi
440 3572 466 3617 s.
504 3545 753 3645 exsequutioni
786 3547 991 3619 inserviunt.
1064 3547 1195 3619 Sensus
1228 3567 1294 3621 ests

217 3662 376 3760 Lepidus
405 3664 560 3737 Caesaris
585 3663 629 3738 iu
658 3666 812 3738 consiliis
837 3665 1077 3763 (Kriegsrath)
1103 3665 1296 3740 dissidebat

219 3807 360 3878 semper
382 3786 425 3855 ab
451 3787 548 3872 aliis,
580 3787 692 3882 iisque
718 3787 988 3860 contradicebat
